3230 5268
825 305 985 413 -Q

342 505 491 586 nitatem,
516 501 621 570 ternio
636 501 722 568 iuter
737 500 896 592 (inmitem
911 504 1023 574 Bodnr
1038 501 1278 588 distinguentes
1293 499 1322 584 (t
1331 497 1409 586 gy),
1426 497 1473 564 de

342 606 459 692 quibus
483 607 590 678 tribus
613 606 708 676 metis
733 608 943 680 deseenditur
967 612 1003 679 iu
1027 607 1193 693 quandam
1218 609 1338 676 saitem
1352 621 1475 674 renue
1583 659 1594 670 .

342 715 499 784 orientem
515 719 549 784 in
564 717 734 815 rioiuitate
751 724 838 787 terro
855 717 989 805 Kuesd,
1015 725 1048 786 et
1072 717 1194 786 ibidem
1219 717 1253 783 iu
1277 716 1354 804 ipso
1378 714 1474 783 velte

342 831 420 892 tunt
435 824 500 892 due
515 831 600 892 mete
615 832 722 894 terroe
738 825 846 895 eidem
862 834 948 895 terro
974 824 1090 893 Koesd
1105 830 1139 894 et
1154 825 1275 895 (inmiti
1289 823 1400 891 Bodur
1415 841 1472 889 se·

343 939 512 1020 parantes,
529 930 571 1000 de
588 933 664 1018 ipsa
680 951 808 1018 quoque
823 935 913 1003 veile
928 935 1161 1004 assoeudendo
1176 951 1294 1002 vorsus
1310 931 1474 1002 orientem

342 1040 385 1108 ad
400 1039 499 1106 duom
516 1040 688 1108 ouiordsm
703 1042 839 1126 graoilis
855 1043 944 1108 berei
969 1045 1198 1110 iuxtaterram
1215 1041 1328 1109 Kuesd
1339 1038 1474 1106 venitur

342 1145 389 1214 od
404 1148 484 1216 duas
494 1155 602 1216 metae
612 1153 738 1216 terreos
748 1149 993 1237 distinguentes
1008 1149 1095 1218 iuter
1109 1157 1233 1218 terram
1243 1145 1358 1216 Kuerd
1373 1154 1406 1216 et
1421 1147 1474 1214 in·
1510 1169 1515 1177 ·

341 1263 394 1324 ter
417 1253 578 1326 Comitem
602 1255 733 1342 Boius,
750 1256 828 1324 iude
844 1257 950 1325 adhno
975 1259 1067 1326 iuxta
1093 1263 1215 1325 terram
1232 1254 1346 1323 Kuesd
1361 1253 1473 1322 eundo

340 1383 456 1434 rorent
471 1366 629 1434 orientem
644 1365 790 1435 saliendo
807 1367 971 1452 quendam
989 1366 1216 1435 tenuissimam
1232 1365 1323 1432 berob
1332 1413 1342 1446 ,
1358 1371 1393 1431 et
1408 1365 1470 1432 ad·

338 1473 400 1540 buo
418 1471 628 1541 meendendo
654 1471 819 1556 quoddam
844 1473 969 1540 nerent
993 1475 1046 1542 rei
1071 1474 1211 1561 boriny,
1235 1473 1376 1542 transito
1391 1475 1471 1558 ipso

340 1577 479 1667 borion,
507 1599 606 1667 super
636 1581 743 1667 ipsum
770 1581 890 1669 tortas
914 1588 989 1650 suut
1013 1582 1078 1648 doe
1104 1587 1190 1648 meto
1225 1589 1349 1665 terreo,
1382 1579 1474 1646 inter

339 1695 463 1756 terram
480 1687 595 1757 Kuesti
611 1697 644 1756 et
658 1690 745 1757 inter
760 1689 922 1760 Comitem
937 1691 1050 1758 Bodur-
1063 1689 1322 1775 distinguentes,
1337 1688 1416 1754 hino
1431 1690 1471 1756 iu

339 1793 509 1864 rioinitete
524 1804 612 1866 terre
627 1798 743 1866 Kuesd
768 1796 944 1868 reflsotitur
968 1819 1083 1868 versus
1100 1798 1283 1882 meridiem,
1301 1804 1334 1864 et
1359 1797 1472 1865 eundo

339 1903 432 1972 iuxta
445 1904 567 1972 vollem
583 1904 706 1972 direote
732 1925 847 1975 versus
871 1907 1051 1993 meridiem,
1078 1913 1199 1974 terram
1222 1911 1335 1974 tamon
1351 1903 1474 1972 Knoed

339 2011 409 2080 illio
423 2013 467 2080 ab
484 2013 608 2082 oriente
622 2012 850 2099 relinquendo,
874 2015 1004 2083 renitor
1033 2014 1077 2082 ad
1101 2013 1187 2084 duae
1210 2021 1316 2082 metas
1338 2021 1472 2081 terreas

339 2126 530 2206 eoperrutes
545 2120 631 2192 iuter
648 2127 770 2191 terram
785 2121 903 2192 Kuesd
919 2130 953 2192 ot
968 2123 1052 2192 inter
1069 2123 1227 2193 (tomitem
1243 2121 1372 2207 Bodur3
1387 2118 1490 2188 iude-

339 2229 433 2297 ioxts
447 2235 568 2296 terram
593 2229 707 2299 Kuesd
731 2247 846 2298 sersus
871 2231 1042 2298 meridiem
1068 2229 1178 2299 adhue
1203 2230 1330 2300 direote
1357 2229 1470 2297 eoudo

339 2331 472 2402 raditur
486 2335 533 2406 ad
548 2335 633 2405 duos
659 2343 765 2406 metes
789 2343 915 2408 terreae
940 2339 1185 2426 distinguentes
1210 2337 1359 2406 similiter
1381 2337 1474 2404 inter

339 2450 461 2512 terram
478 2443 592 2514 Kueeti
616 2452 649 2512 et
664 2446 749 2514 iuter
771 2445 934 2516 (tomitem
949 2447 1079 2532 Bodur,
1096 2443 1218 2514 abbino
1233 2447 1327 2514 iuxta
1338 2452 1468 2514 terram

339 2549 455 2621 Kuerd
465 2551 509 2620 ob
523 2553 648 2622 oriente
661 2561 895 2640 remanentem,
906 2553 1139 2624 adbuorersus
1149 2554 1320 2624 meridiem
1330 2555 1364 2621 iu
1374 2569 1470 2636 mag-

340 2679 383 2728 no
399 2660 513 2756 suenio
529 2660 738 2749 procedendo
754 2663 929 2731 reuertitur
944 2663 1070 2732 adires
1097 2666 1202 2732 metas
1227 2662 1390 2750 ospitales
1406 2677 1472 2728 eeu

340 2767 446 2836 eniam
461 2768 670 2855 prinoipaies,
687 2767 798 2853 ibique
813 2770 1018 2839 terminatur.
1034 2771 1073 2836 ln
1089 2767 1183 2838 ouius
1198 2771 1246 2834 rei
1270 2768 1466 2836 memoriam

340 2880 374 2942 et
388 2883 581 2962 perpetuam
595 2875 797 2963 firmitatem,
812 2877 857 2944 od
872 2877 1068 2964 peticionem
1085 2877 1230 2962 paroium
1246 2875 1471 2962 prediotnrurrt

341 2990 513 3069 presentes
529 2983 656 3052 litteras
672 3002 745 3051 oum
771 2983 950 3072 alpbapeto
976 2984 1150 3052 intereisas
1176 2981 1398 3050 oouoeesimus
1422 2982 1470 3048 ei·

338 3089 411 3177 gilli
434 3092 538 3161 nostri
560 3091 739 3160 munimine
764 3094 936 3161 roboratas
961 3093 1085 3162 Datum
1107 3113 1193 3160 auno
1216 3092 1349 3160 Domini
1364 3092 1470 3158 bi-mo

339 3199 563 3270 tiuooutesimo
587 3200 714 3269 bii-mo
739 3202 899 3288 septimo,
924 3219 1035 3270 meuse
1060 3200 1251 3269 Februario.
1289 3199 1469 3268 Valentino

339 3307 485 3392 Deesuo,
501 3307 675 3376 Bonifaoio
691 3311 834 3379 Oustode
851 3316 884 3376 et
899 3311 995 3378 Petro
1012 3311 1154 3378 (tantors
1171 3311 1397 3393 existentibus,
1416 3330 1471 3377 eo-

338 3415 481 3498 terisqne
505 3414 660 3484 fratribus
686 3435 751 3484 vua
761 3417 931 3486 nobiseum
947 3419 1018 3487 Deo
1036 3419 1271 3488 famulantibus
1283 3418 1409 3506 jugiter
1425 3439 1470 3486 ao

339 3519 469 3590 deuote.

339 3713 443 3786 (onst
455 3714 562 3773 mute·
575 3714 727 3775 nonomen
742 3719 882 3777 tneo-ean
903 3718 965 3778 ten
986 3689 1221 3795 toennensem,
1244 3724 1383 3796 maryres
1404 3743 1467 3782 010-

392 3803 481 3878 dotiJ'e
495 3822 512 3863 e
523 3805 558 3862 B.
570 3805 757 3881 Weseeieiuyi
770 3808 872 3868 osoltd
884 3807 1088 3882 lerdltiribsu
1100 3829 1167 3870 rau.
1193 3815 1274 3869 stato
1289 3814 1410 3886 lidroty.)
