3230 5268
897 981 964 1047 m.

381 1177 440 1243 IV.
467 1178 549 1243 Btta
573 1185 604 1240 dt
628 1177 719 1242 Etbet'
742 1177 911 1265 tdyetpot
934 1181 1019 1244 azoto
1042 1179 1321 1264 adoindnyntdadt,
1348 1174 1496 1258 molyets

380 1285 501 1371 tetystp
529 1285 808 1370 udoamokjainab
834 1296 889 1350 tstt
915 1310 952 1350 aa
968 1286 1165 1352 intonitdlstta
1179 1291 1300 1371 pyrinton
1322 1277 1496 1346 Udoamok

382 1391 600 1480 belystpbols'ek
616 1393 777 1480 standon,
804 1417 838 1459 ea
852 1393 1000 1459 assotiat
1016 1397 1138 1480 jandro
1162 1392 1371 1480 mepseotmitt‘.
1395 1388 1496 1454 12⁶8.

483 1592 564 1660 Boia
578 1592 642 1660 Dei
654 1592 767 1677 grania
782 1590 966 1677 Hungarie,
984 1592 1172 1675 Dalmatio,
1198 1591 1350 1675 Oroaoie,
1379 1590 1494 1669 Rama,

382 1701 531 1782 saniore,
546 1700 745 1786 Lodornerie,
765 1703 981 1784 (inmaniaque
998 1703 1069 1766 Rex
1093 1700 1251 1776 omnibus,
1268 1709 1335 1765 tam
1361 1717 1495 1785 presen-

380 1811 479 1895 tibus,
494 1829 590 1893 quarn
607 1809 740 1892 futuris,
758 1811 895 1876 salntem
917 1809 950 1876 in
967 1809 1114 1876 Domino.
1131 1810 1182 1876 Ad
1199 1810 1422 1876 uniuersorum
1439 1825 1494 1871 uo-

380 1919 492 1988 tiaiam
508 1926 622 1986 tenore
638 1920 841 2006 presencium
858 1920 1004 1986 volumus
1020 1919 1201 2005 peruenire,
1226 1919 1403 2000 quodlicet
1422 1915 1495 1982 iura

382 2026 630 2096 uduornioorum
644 2035 823 2096 nostrornm
834 2027 873 2098 de
884 2027 1071 2109 Vdnornuk,
1088 2019 1314 2094 arundinetum
1331 2024 1492 2092 videlieet
1509 2055 1513 2063 ‚

381 2136 495 2203 Saaa
519 2143 668 2204 uooatnm
679 2186 688 2220 ,
706 2142 833 2219 pratum
850 2143 883 2202 et
898 2135 1111 2220 piscaturam,
1130 2154 1193 2216 que
1209 2153 1284 2217 per
1307 2150 1495 2198 examen

380 2242 524 2312 duelli
549 2243 651 2328 ijdem
673 2243 840 2310 uduornioi
860 2243 965 2310 nostri
980 2243 1021 2310 de
1039 2241 1216 2308 Vduornnk
1233 2261 1341 2308 eoram
1357 2239 1397 2304 H.
1426 2241 1494 2306 Pa·

362 2343 678 2436 ‘latinoOontite
693 2349 1313 2419 Posoniensidevdnorniaisnostris
1325 2351 1495 2432 dequin-

380 2477 460 2545 qne
492 2459 623 2528 villis
655 2459 800 2546 Ethey
833 2460 1056 2544 obtinuerant,
1081 2469 1178 2545 prout
1203 2462 1261 2544 per'
1288 2457 1493 2542 priuilegium
1531 2510 1538 2530 .

381 2565 525 2634 eiusdem
540 2567 581 2632 H.
598 2568 741 2636 Palatini
757 2575 859 2654 patet,
876 2569 1096 2650 obtinuerant,
1113 2567 1300 2635 vdnorniois
1317 2566 1436 2632 nostris
1454 2566 1495 2632 do

381 2676 523 2756 quinque
540 2675 626 2742 villis
642 2675 749 2762 Etbey
768 2677 1012 2762 contulerimns5
1040 2685 1114 2764 post
1141 2697 1241 2745 canae
1256 2683 1363 2742 umen
1380 2677 1494 2762 engui-

380 2785 515 2867 oionem,
532 2791 564 2848 et
581 2784 793 2869 inspectanti
817 2775 1017 2869 tortitudine,
1045 2787 1132 2852 diota
1157 2785 1238 2871 iura,
1264 2785 1494 2852 arundinetum

380 2890 543 2975 videlieet,
569 2901 694 2975 pratum
721 2901 754 2960 et
778 2895 976 2978 piscaturam
993 2895 1088 2962 dietis
1116 2895 1300 2961 vdnorniois
1315 2895 1438 2959 nostris
1456 2891 1496 2956 de

380 2999 562 3082 Vduornuo‚
581 3001 626 3068 ad
642 3021 722 3088 quos
739 3004 829 3090 prins
846 3003 1061 3088 pertinebant
1080 3001 1280 3070 restituenda
1296 3001 1449 3067 duximus
1465 3004 1496 3067 et

377 3105 555 3193 reddenda,
571 3119 765 3179 resonantes
782 3119 814 3178 et
830 3114 937 3178 irritas
953 3114 1209 3198 pronuntiantes
1235 3131 1347 3176 omnes
1364 3110 1495 3177 litteras

378 3223 508 3284 nostras
525 3225 558 3284 et
573 3215 755 3304 priuilegia,
772 3221 966 3288 auctoritate
983 3241 1115 3304 quarum
1139 3220 1309 3288 vduornioi
1332 3220 1440 3286 nostri
1456 3217 1496 3284 de

377 3321 473 3390 dietis
489 3325 723 3406 quinqueviliis
735 3327 841 3414 Ethey
861 3328 1097 3410 arundinetum,
1109 3335 1237 3412 pratum
1248 3336 1280 3394 et
1289 3329 1491 3412 piscaturam

377 3429 597 3516 possidebant.
615 3433 651 3497 In
678 3433 769 3500 ouius
786 3438 832 3500 roi
859 3437 1047 3504 memoriam
1073 3436 1254 3520 pleniorem
1280 3443 1312 3502 et
1337 3435 1492 3502 maiorem

378 3537 579 3624 firmitatem,
607 3560 647 3605 ue
672 3561 826 3624 processu
851 3551 1028 3633 temporum
1054 3545 1087 3610 in
1103 3544 1227 3610 irritum
1244 3545 1356 3610 ualeat
1371 3551 1494 3610 retran-

379 3648 461 3725 tari,
487 3655 657 3734 presentes
681 3652 903 3720 concessimus
930 3655 1071 3720 titterras
1098 3651 1238 3738 dupliois
1263 3652 1366 3738 sigilli
1390 3651 1494 3720 nostri

377 3757 552 3824 munimine
561 3758 743 3826 roboratas.
759 3761 879 3829 Datum
894 3782 953 3849 per
979 3781 1092 3830 manus
1103 3762 1251 3848 magistri
1268 3761 1369 3828 D'em
1380 3765 1492 3848 etrij

379 3861 483 3930 illecti
499 3863 646 3932 Eoolssis
663 3867 829 3953 Albensis,
847 3871 921 3936 aule
941 3879 1052 3938 nostre
1071 3869 1365 3953 Vionanosllarij,
1382 3869 1496 3938 dilecti

379 3979 410 4034 st
424 3971 530 4041 tidelis
546 3976 658 4041 nostri.
676 3975 769 4042 Anno
785 3979 913 4045 Domini
933 3980 1027 4048 1268.
1045 3979 1152 4062 Regni
1168 3986 1276 4046 auteur
1292 3980 1397 4044 nostri
1407 3999 1494 4045 anno

376 4076 539 4145 tricesimo
555 4084 664 4148 ternio.

493 4274 638 4347 (Ersdetie
651 4295 668 4333 a
681 4277 783 4334 Koudd
796 4281 893 4338 craltd
905 4279 1114 4340 levdlttbrbban.
1134 4284 1224 4340 tm
1238 4285 1364 4358 Ndador.)
