3250 5268
577 397 737 499 Q

93 597 244 685 ydoneos
261 584 372 666 coram
389 591 491 663 nobis.
509 593 656 680 cumque
671 589 820 680 predicto
846 593 962 683 elapso
988 593 1125 663 termino
1152 593 1224 662 nul·

93 705 145 774 lus
168 726 209 776 se
234 709 348 774 nostro
374 703 566 792 conspectui
590 709 826 790 presentesset,
853 703 908 791 qui
931 703 986 773 vel
1019 703 1222 786 electionem,

92 833 156 900 que
168 813 352 900 dicebatur,
363 813 416 882 rel
425 813 564 882 forsitan
581 809 764 898 fingebatur
781 811 871 880 iacta
888 813 930 880 de
947 811 1035 883 dicto
1046 811 1223 896 Demetrio,

92 931 360 1012 prosequeretur,
375 921 430 990 rel
454 919 614 1006 reliquam
634 921 853 1008 impugnaret,
882 939 942 990 nos
968 919 1162 989 electionem
1179 918 1224 990 de

90 1040 133 1118 te,
150 1037 188 1100 ut
201 1031 407 1120 premittitur,
423 1029 546 1099 iactam
563 1029 821 1099 examinavimus
833 1029 1020 1116 diligenter,
1038 1035 1072 1098 et
1087 1029 1223 1098 taudem

96 1141 173 1210 dum
184 1161 247 1212 uos
257 1141 452 1228 adpersoue
468 1139 587 1210 merita
602 1139 807 1224 referremus,
820 1137 1096 1209 considerationis
1112 1144 1225 1208 nostre

93 1247 307 1319 sollicitudini
322 1247 430 1317 fidelis
446 1249 604 1317 memoria
620 1247 748 1333 obtulit,
767 1247 911 1334 qualiter
937 1255 973 1316 tu
998 1247 1120 1316 dudum
1144 1253 1224 1316 tem·

92 1379 173 1448 pore
188 1357 299 1427 felicis
312 1356 553 1426 recordationis
570 1357 699 1428 Urbani
715 1359 806 1443 Pape
830 1357 1078 1446 predecessoris
1104 1355 1222 1426 nostri,

94 1467 371 1552 aesgabriensis
386 1465 538 1535 Ecclesie
562 1473 640 1534 tuuc
664 1459 817 1536 vacantis
844 1467 999 1554 capitulo
1025 1465 1222 1554 postulatus,

91 1575 351 1646 examinationis
372 1573 611 1646 discussionem
637 1573 776 1644 sollicite
801 1574 943 1660 subiisti,
971 1581 1004 1642 et
1019 1573 1098 1643 lieet
1114 1573 1148 1640 in
1164 1573 1224 1642 hu·

91 1684 237 1755 iusmodi
254 1683 407 1753 examine
426 1683 460 1752 iu
485 1683 672 1754 litteratura
688 1681 789 1752 fueris
814 1683 966 1752 iuventus
992 1689 1024 1752 et
1049 1681 1223 1750 estimatus

89 1793 254 1883 ydoneus,
270 1792 498 1862 nichilominus
509 1791 716 1880 postmodum
733 1792 841 1862 studio
858 1811 984 1864 moram
1001 1790 1152 1861 Bououie
1168 1809 1221 1860 ex·

90 1911 170 1971 tuuc
189 1900 413 1970 continuando
429 1903 576 1990 vacasti,
593 1910 725 1992 propter
740 1901 827 1990 quod
854 1924 919 1970 nou
944 1899 1078 1988 indigne
1104 1920 1220 1988 presu-

92 2013 223 2100 mimus,
240 2012 303 2082 sed
319 2019 351 2080 et
366 2011 585 2081 verisimiliter
599 2011 762 2082 oredimus
780 2034 821 2081 ex
845 2011 929 2083 tanti
954 2030 1110 2081 successu
1134 2017 1220 2081 tem·

89 2123 183 2212 poris
198 2122 233 2188 in
248 2119 348 2190 studii
364 2121 479 2191 labore
495 2123 675 2207 transacti,
701 2144 767 2192 nou
792 2123 826 2189 in
850 2121 909 2191 otii
925 2127 1057 2208 torpore
1074 2117 1222 2204 deducti,

90 2237 147 2300 tue
163 2229 303 2299 scientie
317 2230 490 2316 plurimum
508 2231 704 2300 accrevisse.
729 2231 817 2300 Illud
834 2230 934 2300 etiarn
962 2229 1004 2298 de
1020 2233 1137 2298 nostra
1156 2247 1221 2295 me·
1296 2225 1303 2238 ’

90 2341 200 2409 moria
216 2361 281 2407 nou
297 2339 443 2409 abolevit
459 2340 594 2430 oblivio,
611 2341 699 2426 quod
726 2341 804 2410 licet
830 2340 1047 2427 predecessor
1063 2335 1136 2426 ipss
1160 2358 1222 2426 po·

91 2448 304 2517 stulationem
321 2447 512 2518 huiusmodi
529 2455 663 2538 propter
682 2449 846 2519 desectum
863 2448 1035 2517 dumtaxat
1052 2445 1152 2515 etatis
1168 2455 1223 2516 tue

91 2579 155 2625 uon
174 2559 305 2627 durent
315 2557 562 2645 admittendam,
575 2557 665 2628 idem
679 2566 790 2629 tamen
805 2553 1221 2646 predecessoratteudens,

89 2667 177 2752 quod
192 2669 230 2733 tu'
246 2665 451 2736 nobilitatem
466 2667 598 2754 generis
613 2687 738 2738 morum
763 2666 937 2737 honestate
954 2663 1160 2756 nobilitans,
1189 2673 1221 2733 et

95 2779 220 2843 etatem
246 2773 389 2859 ipsorum
414 2777 606 2846 maturitate
631 2779 828 2864 preveniens
852 2776 1014 2845 delectum
1038 2772 1224 2844 huiusmodi

94 2883 271 2950 rirtmibus
293 2881 492 2972 redimebas,
517 2887 708 2975 apostolica
732 2893 840 2956 tecum
865 2884 1062 2954 auctoritate
1089 2882 1221 2969 dispen-

92 2993 355 3060 sans'eonoessit
368 2993 441 3080 tibi,
467 3001 503 3061 ut
528 2997 572 3064 ad
597 2995 840 3084 Episcopalem,
867 2991 1221 3078 Arobiespiscopalem,

95 3106 128 3166 et
142 3117 383 3186 quercumque
397 3101 499 3170 aliam
515 3123 633 3190 posses
651 3105 729 3190 eligi
745 3104 949 3191 dignitatem,
966 3107 1065 3186 teque
1091 3097 1222 3186 eligibi-

94 3209 158 3275 lem
179 3207 223 3276 de
238 3209 443 3294 plenitudine
461 3214 635 3298 potestatis
650 3213 814 3301 reddidit,
840 3212 969 3282 deiectu
986 3207 1223 3278 nonobstante

94 3317 257 3402 predicto.
275 3316 531 3404 taquamquam
548 3323 664 3391 eodem
681 3321 916 3407 predecessore
931 3327 1036 3389 morte
1059 3321 1220 3404 prevento

90 3425 201 3492 littere
229 3443 328 3512 super
352 3426 539 3500 huiusmodi
564 3431 812 3516 dispensatione
840 3429 988 3496 coniecta
1012 3425 1140 3493 bullate
1156 3444 1221 3492 uon

96 3533 237 3618 luerint,
262 3553 324 3601 nos
348 3541 480 3623 tamen,
505 3548 602 3624 prout
626 3537 766 3604 Domino
786 3538 930 3623 placuit,
948 3533 1158 3625 postmodum
1176 3531 1220 3601 ad

96 3641 225 3728 apicem
242 3643 367 3710 Summi
383 3643 598 3732 Apostolatns
626 3647 807 3732 assumpti,
834 3647 920 3731 quod
935 3645 1047 3714 taliter
1063 3663 1123 3733 per
1147 3659 1221 3730 pre·

94 3749 305 3818 decessorem
332 3751 439 3834 ipsum
464 3755 553 3822 circa
577 3754 859 3844 dispensationem
885 3753 1024 3821 eandem
1039 3750 1221 3820 iactumsu·
1297 3739 1299 3746 ’

97 3865 180 3944 erat,
197 3859 240 3928 de
255 3879 319 3944 quo
334 3861 430 3929 uobis
444 3859 608 3946 constitit,
623 3861 845 3948 approbantes
861 3863 920 3930 tibi
936 3881 1035 3947 super
1051 3859 1113 3928 hoe
1136 3859 1221 3928 litte-

95 3985 150 4034 ras
169 3966 382 4052 spostolicae
399 3968 551 4037 duximus
567 3967 805 4038 concedendas.
822 3970 892 4038 Heo
906 3970 1006 4056 igitur
1021 3967 1158 4056 provide
1172 3975 1220 4037 at·

96 4071 283 4160 tendentes,
301 4081 335 4144 et
349 4085 536 4165 sperantes,
552 4075 638 4163 quod
653 4086 688 4146 tu
708 4087 784 4166 post
800 4079 939 4166 predicti
953 4085 1083 4163 tempus
1098 4079 1207 4146 exani

88 4183 142 4250 uis
157 4201 226 4249 nou
242 4182 347 4253 solum
364 4185 509 4253 moribus
525 4193 558 4255 et
573 4187 714 4256 scientia
739 4189 891 4274 creveris,
921 4187 981 4257 sed
1005 4193 1038 4255 et
1064 4187 1153 4256 alias
1177 4185 1220 4254 de

88 4292 211 4358 virtute
226 4293 408 4376 proieceris
424 4294 458 4362 iu
484 4294 647 4380 virtutem,
676 4293 869 4366 electionem
884 4297 927 4364 de
942 4302 975 4366 te
993 4297 1126 4380 iactam,
1142 4295 1219 4380 quia

88 4418 162 4466 eam
179 4400 364 4472 invenimus
380 4407 539 4473 canonice
556 4403 645 4472 etde
660 4425 802 4492 persona
817 4407 940 4475 idonea
955 4404 1165 4490 celebratam,
1178 4404 1219 4473 de

88 4507 229 4577 fratrum
243 4517 425 4581 nostrorum
443 4513 578 4581 consilio
607 4505 853 4602 confirmantes,
880 4519 914 4582 te
939 4513 1130 4582 memoratis
1156 4511 1218 4582 (lo-

86 4617 221 4686 locensi
236 4625 271 4687 et
286 4619 461 4690 Baebieusi
476 4619 636 4692 Ecclesiis
653 4621 688 4690 iu
704 4621 996 4712 archiepiscopum
1020 4620 1217 4709 prefecimus

93 4734 126 4794 et
136 4731 315 4812 pastorem,
326 4737 499 4814 sperantes
510 4730 654 4816 tirmiter,
665 4729 753 4814 quod
763 4737 856 4800 actus
870 4739 953 4821 tuos,
971 4731 1028 4800 illo
1045 4731 1218 4820 dirigente,
