3250 5268
141 1181 165 1246 Ι
168 1180 206 1246 V.
224 1181 308 1246 Rota
323 1179 433 1266 tiraq
461 1181 548 1244 Boos
571 1179 743 1245 meamet
761 1177 898 1245 Artortot
914 1190 994 1244 necti
1011 1179 1117 1265 fdtdct
1141 1183 1269 1248 ndomd·

583 1312 711 1376 nyozzc.
734 1290 831 1356 1266.

253 1487 337 1554 Bela
351 1485 415 1554 Dei
431 1487 546 1568 gracia
562 1486 752 1572 Hungarie,
770 1486 963 1570 Dalmacie,
982 1487 1139 1572 Oroacie,
1156 1489 1269 1575 Reme,

142 1595 271 1677 Serrie,
288 1593 448 1673 stulticie,
465 1594 664 1661 Lcdomerie
674 1644 684 1680 ,
701 1594 924 1678 Cumauiequc
945 1595 1015 1660 Rex
1033 1594 1182 1661 omnibus
1199 1617 1269 1681 pre-

144 1708 257 1770 sentes
270 1703 398 1770 litteras
415 1703 611 1787 inspecturis
628 1702 770 1770 satutem
790 1702 822 1767 in
840 1720 917 1767 vero
940 1701 1124 1768 salvatore.
1150 1700 1268 1780 Quam·

143 1829 242 1893 quam
259 1811 363 1894 Regia
380 1810 566 1878 sublimitas
584 1809 809 1878 munificenoie
825 1829 884 1878 sue
895 1828 1013 1876 manus
1025 1809 1194 1894 porrigere
1215 1809 1269 1876 de-

145 1919 224 1984 beat
251 1915 320 1984 suis
338 1916 478 1983 subditis
503 1919 686 2001 universis,
712 1937 751 1986 eo
772 1917 915 2004 amplius
942 1916 974 1980 in
995 1915 1070 1982 illos
1097 1917 1270 1984 consuerit

143 2025 323 2111 specialius
358 2025 510 2109 gratuitis
544 2026 702 2110 prosequi
729 2025 914 2106 donativis,
940 2023 995 2106 qui
1021 2021 1268 2108 perspicacibus

144 2133 296 2199 serviciis
332 2131 544 2216 prerogativa
571 2152 702 2199 suorum
730 2131 887 2214 effulgent
912 2133 1033 2198 clarius
1069 2132 1267 2198 meritorum.

144 2239 288 2308 Proinde
305 2238 347 2307 ad
364 2239 590 2308 universorum
617 2241 772 2308 noticiam
788 2241 906 2308 barum
925 2241 1012 2308 serie
1028 2233 1179 2308 volumus
1195 2257 1268 2324 per·

143 2349 277 2434 venire,
301 2348 395 2427 Quod
410 2351 571 2434 magister
586 2351 674 2418 Boas
700 2348 807 2418 fidelis
825 2357 934 2416 noster
951 2349 994 2416 ad
1012 2357 1159 2420 nostram
1176 2366 1267 2418 acce·

144 2457 227 2524 dens
254 2457 461 2543 presenciam
487 2460 658 2544 proposuit
683 2459 836 2527 aPouca
863 2479 984 2544 genero
1011 2459 1155 2544 Georgii,
1171 2453 1269 2527 Judei

145 2566 320 2652 baptisati,
337 2585 433 2650 quem
444 2567 529 2634 dixit
539 2569 610 2635 sine
626 2567 783 2634 heredum
795 2551 922 2636 solacio
934 2566 1119 2634 decessisse
1130 2567 1171 2632 de
1181 2573 1270 2633 terra

58 2674 63 2684 '
143 2674 288 2740 Arioucb
314 2673 357 2740 ad
383 2672 446 2741 duo
472 2682 587 2742 aratra
612 2682 804 2762 separatam
831 2675 929 2743 certis
961 2675 1120 2742 metisse
1146 2673 1269 2740 dudum

144 2770 326 2866 empcionis
342 2781 437 2848 titulo
454 2782 667 2868 possedisse,
685 2801 784 2866 quam
801 2782 931 2850 demum
948 2788 1024 2869 post
1041 2782 1166 2850 obitum
1183 2779 1268 2862 ejus·

144 2885 217 2954 dem
235 2889 344 2955 Pouce
360 2889 433 2974 ipse
449 2887 607 2971 magister
633 2888 723 2956 Bacs
740 2890 782 2956 de
805 2889 900 2956 terris
927 2889 1030 2956 castri
1046 2887 1152 2954 nostri
1175 2884 1266 2952 Trin-

78 3077 81 3082 =
145 2996 327 3064 cbiniensis
353 2996 452 3064 scirit
477 3015 569 3080 ease,
587 2997 756 3080 suplicans
782 2996 962 3082 instanter,
989 2996 1171 3078 quodcum
1197 2994 1268 3078 ipse

143 3110 278 3190 propter
295 3103 379 3170 dicti
403 3103 511 3170 Pouce
537 3105 729 3188 decessum,
754 3106 820 3190 qui,
835 3111 872 3171 ut
888 3104 1082 3190 premissum
1110 3109 1170 3184 est,
1187 3097 1269 3168 obiit

144 3211 215 3278 sinc
231 3211 356 3278 solacio
380 3211 576 3296 liberorum,
601 3211 631 3278 si
647 3212 764 3279 eadem
781 3218 870 3278 terra
899 3215 1103 3296 repeteretur
1130 3227 1189 3294 per
1209 3207 1268 3274 ali·

144 3338 240 3404 quem
252 3317 295 3384 ab
312 3317 394 3404 ipso,
414 3319 701 3386 contraneminem
713 3322 845 3386 nornine
862 3317 1067 3404 expeditorio
1077 3333 1268 3403 processum

145 3425 269 3494 babere
285 3435 409 3521 posset,
425 3447 485 3494 nec
502 3428 645 3513 pecunia
664 3448 724 3494 suc
734 3477 744 3513 ,
771 3429 801 3496 si
818 3426 932 3494 eadem
949 3433 1038 3494 terre
1063 3426 1267 3492 evisceretur

144 3535 286 3620 abipso,
303 3535 371 3604 sibi
386 3540 500 3620 posset
516 3537 703 3618 restaurari,
722 3555 783 3602 nos
801 3536 943 3602 eandem
960 3535 1024 3602 sibi
1041 3539 1074 3602 et
1089 3535 1157 3602 suis
1174 3530 1266 3600 here·

144 3641 240 3709 dibus
250 3692 261 3728 ,
278 3661 352 3708 eum
368 3643 412 3708 sit
429 3648 515 3711 terra
533 3645 635 3712 castri
661 3645 765 3710 nostri
780 3641 1049 3727 Trinchiniensis,
1067 3663 1108 3710 ex
1123 3641 1268 3710 tiberali-

144 3758 214 3820 tate
232 3751 338 3834 Regia
354 3751 503 3820 conferre
520 3753 738 3838 dignaremur.
756 3753 825 3820 Nos
836 3751 936 3835 igitur
957 3753 1178 3836 attendentes,
1196 3766 1267 3834 pre

143 3857 249 3926 satum
264 3857 455 3942 magistrum
480 3858 568 3928 Baae
594 3860 689 3928 nobis
707 3867 740 3928 et
756 3861 870 3944 Regno
896 3865 1009 3928 nostro
1034 3858 1268 3942 obsequiosum

144 3965 373 4054 multipliciter
390 3967 549 4054 extitisse,
562 3969 650 4054 quod
666 3969 829 4057 prolixum
846 3975 935 4039 esset
951 3986 1107 4035 enarrare
1123 3985 1184 4052 per
1199 3965 1263 4032 siu·

144 4077 232 4158 gnta,
248 4080 282 4140 et
298 4093 398 4158 posse
415 4073 605 4162 impendere
621 4077 766 4144 servicia
783 4077 819 4144 in
835 4076 985 4158 futurum,
1009 4074 1133 4142 dictam
1148 4079 1268 4148 terram

145 4181 281 4250 ducrum
298 4188 505 4266 aratrorum,
531 4185 566 4252 in
583 4185 679 4270 cujus
706 4184 845 4269 pacifica
872 4183 1085 4272 possessione
1104 4183 1177 4268 ipse
1202 4200 1268 4249 rua·

143 4290 246 4378 gister
261 4290 351 4358 Baas
361 4291 533 4378 existebat,
544 4299 731 4380 exemptam
742 4314 762 4360 a
773 4302 884 4362 castro
898 4291 1150 4376 Trincbinieusi,
1161 4289 1268 4358 eidem

143 4397 303 4482 magistro
319 4396 408 4466 Baas
426 4404 460 4465 et
475 4397 544 4468 suis
560 4399 738 4470 heredibus
749 4401 972 4486 heredumque
988 4419 1120 4468 suorum
1137 4416 1267 4469 succes·

144 4504 275 4573 toribus
292 4503 489 4576 donabimus
514 4513 548 4575 ct
564 4508 755 4593 reliquimur
772 4517 932 4596 perpetuo
959 4513 992 4576 et
1007 4503 1144 4593 pacifice
1159 4505 1268 4590 possi·

147 4607 303 4678 dendam.
329 4609 366 4678 In
384 4613 476 4680 cuius
503 4613 697 4684 donacionis
712 4621 907 4704 perpetuam
929 4613 1115 4684 firmitatem
1133 4631 1267 4700 proseu-
