3250 5268
591 325 725 426 ,ῃ-

104 516 209 587 dictos
227 517 433 606 Episcopum
448 521 655 590 Jauriensem
671 528 705 590 et
721 521 914 608 magistrum
925 523 1055 592 Petrum
1072 528 1115 594 ab
1131 525 1231 611 impe-

104 625 222 694 titione
232 645 295 694 sua
312 647 412 713 super
436 630 551 697 codem
575 628 854 698 Archidiaecnatu
871 629 1087 717 Suprnniensi
1103 642 1232 702 senten·

104 733 229 802 tialiter
244 736 400 823 absolvit,
416 743 451 804 et
465 736 638 806 absolutos
655 757 730 806 esse
746 737 903 808 decrevit.
936 739 1139 826 supradicta
1154 760 1232 824 quo-

105 862 169 927 que
186 844 388 913 auctoritate
407 851 521 916 nostra
543 864 644 932 super
659 847 849 933 provisione
866 847 930 914 sibi
947 847 1104 916 facienda
1119 848 1160 916 de
1177 848 1229 914 di-

102 951 304 1037 gnitate‘vel
320 960 498 1037 personatu
513 973 585 1022 cum
601 975 689 1039 cura,
715 955 769 1024 vel
785 957 858 1022 sine
874 974 963 1040 cura,
981 974 1043 1038 que
1059 955 1111 1024 vel
1127 957 1182 1041 qni
1198 957 1231 1024 in

103 1059 260 1129 Ecclesia
283 1062 449 1130 lauriensi
472 1069 550 1130 tnnc
575 1061 720 1130 vacabat
742 1063 797 1131 vel
822 1063 928 1147 primo
952 1071 1097 1150 vacaret,
1123 1075 1163 1132 at
1189 1067 1231 1133 de

2 1189 3 1246 t
102 1169 248 1256 capellis
264 1172 318 1240 vel
334 1170 518 1242 redditibus
528 1171 730 1258 capellarum
747 1169 790 1238 ad
807 1172 1017 1238 collationem
1033 1171 1138 1258 ipsius
1155 1173 1231 1258 Epi·

2 1289 3 1294 ’
107 1279 206 1365 scopi
222 1279 453 1368 pertinentium
478 1297 579 1362 usque
597 1278 642 1346 ad
660 1283 783 1366 certum
800 1297 944 1348 annuum
969 1280 1113 1348 valorem
1130 1301 1234 1365 qusn-

99 1387 181 1454 dam
208 1387 450 1456 ordinationem
472 1406 510 1454 se
534 1407 575 1454 uc
600 1387 688 1454 dicto
714 1389 872 1471 magistro
899 1388 995 1454 Petro
1020 1390 1231 1474 presentibus

99 1493 217 1581 edidit,
228 1495 426 1582 dignitatem
443 1516 501 1565 seu
517 1503 728 1584 personatum
745 1501 779 1564 et
795 1495 943 1584 capellas
960 1493 1149 1580 hujusmodi
1165 1497 1231 1564 sibi

98 1603 323 1672 conferendas
348 1604 540 1694 Apostolicc
567 1601 741 1671 donationi
767 1623 961 1687 reservans,
981 1612 1014 1669 et
1046 1605 1228 1673 decernens

1 1731 2 1792 j
98 1715 231 1780 irritum
248 1719 282 1780 et
298 1713 406 1798 inane,
423 1712 452 1779 si
468 1729 564 1780 secus
581 1711 623 1778 de
640 1711 703 1778 hiis
720 1711 838 1794 quavis
858 1713 1057 1779 auctoritate
1083 1715 1229 1800 contige·

1 1829 2 1834 ’
98 1824 142 1889 rit
158 1821 364 1908 attemptari,
380 1823 476 1904 prout
491 1819 526 1886 in
542 1818 676 1906 publicu
692 1819 911 1914 instrumento
936 1819 1086 1888 conlecto
1110 1821 1231 1891 exinde
1310 1895 1312 1900 ,

99 1951 141 1998 ac
159 1929 274 2016 sigillo
290 1929 395 2016 ipsius
412 1926 560 2027 episcopi
576 1927 762 1995 Prcnestini
779 1928 911 2014 signato
937 1927 1067 2012 plenius
1083 1931 1230 1999 contine-

98 2047 163 2106 tur.
181 2039 254 2105 Nos
270 2038 380 2122 itaque
406 2035 511 2122 ipsius
537 2037 647 2104 Irenei
672 2035 969 2122 supplicationibus
994 2037 1157 2126 inclinati,
1172 2039 1243 2106 hu··
1310 2041 1312 2044 ’

98 2147 247 2217 iusmodi
272 2147 522 2230 ordinationem,
551 2145 812 2236 reservationem
837 2154 870 2214 et
895 2143 1061 2214 decretum
1078 2167 1138 2234 per
1153 2167 1228 2214 eun-

99 2256 177 2322 dem
194 2253 397 2344 Episcopum
422 2253 513 2321 edita
538 2253 572 2320 in
597 2253 673 2338 hiis,
700 2272 762 2337 qne
779 2255 886 2341 ipsum
902 2255 1181 2340 continguntrata
1197 2263 1231 2326 et
1275 2321 1277 2328 ,
1329 2319 1330 2324 ,

99 2363 195 2432 llrma
210 2363 388 2448 habentes,
413 2361 530 2430 eadem
554 2361 753 2430 auctoritate
768 2361 960 2450 Apostolica
986 2361 1136 2432 duximus
1151 2385 1229 2435 cen·

1 2543 2 2552 χ
97 2471 271 2540 firmanda.
287 2471 434 2556 Ideoque
461 2469 654 2542 discretioni
672 2478 728 2538 tue
744 2470 947 2556 mundamus,
966 2481 1129 2557 quatenus
1144 2473 1229 2542 ordi-

98 2583 290 2662 nationem,
314 2581 573 2674 reservationem
598 2587 631 2648 et
655 2579 824 2650 decretum
849 2581 1000 2668 predicta
1017 2581 1050 2648 in
1066 2581 1142 2670 hiis,
1166 2602 1229 2668 que

1 2729 2 2748 r
99 2713 158 2778 pro
175 2691 297 2760 eodem
313 2693 470 2776 magistro
495 2683 645 2780 I(reneo)
668 2689 808 2775 'ficiunt'
823 2691 1020 2759 auctoritate
1037 2697 1153 2762 nostra
1169 2713 1229 2780 per

99 2807 130 2866 te
147 2801 204 2868 vel
222 2801 325 2868 alium
351 2799 538 2868 executioni
566 2791 768 2882 demandes,
782 2792 1057 2870 ¹contradictores
1083 2807 1146 2870 etc.
1164 2808 1225 2869 etc.

99 2908 357 2995 compescendo.
386 2907 460 2976 Non
477 2907 643 2992 obstante,
660 2907 689 2974 si
704 2906 792 2975 dicto
807 2907 972 2995 Episcopo
986 2908 1154 2978 lauriensi
1171 2919 1229 2978 aut

98 3018 272 3102 aliquibus
297 3016 372 3083 aliis
396 3037 417 3083 a
441 3016 528 3085 Sede
553 3015 746 3104 Apostolica
762 3016 807 3083 sit
822 3015 992 3101 indultum,
1009 3019 1097 3104 quod
1113 3015 1159 3085 ad
1175 3037 1224 3084 re-

98 3129 291 3214 ceptionem
306 3126 360 3194 vel
376 3125 598 3212 provisionem
623 3125 763 3193 alicuius
778 3124 910 3192 minime
926 3132 1108 3203 teneantur,
1124 3123 1228 3211 quod·

1 3269 2 3280 κ
98 3257 174 3322 qne,
192 3235 236 3302 ad
252 3235 288 3303 id
304 3233 458 3323 compelli
482 3236 536 3303 vel
561 3234 722 3320 suspendi
746 3239 804 3301 aut
827 3233 990 3318 interdici,
1020 3253 1079 3301 seu
1097 3253 1226 3302 exeom-

97 3345 262 3412 municari
278 3363 343 3410 non
359 3343 500 3430 possint,
517 3351 550 3409 et
566 3343 653 3446 quod
667 3343 752 3410 alius
769 3350 911 3426 nequeat
926 3341 968 3411 de
984 3343 1225 3429 personatibus,

1 3467 2 3508 ³
97 3453 335 3541 dignitatibus,
351 3453 494 3537 aliisque
519 3449 692 3520 benefieiis
715 3450 760 3518 ed
784 3451 888 3538 ipsius
905 3451 1061 3539 Episcopi
1077 3449 1223 3518 collatio-

97 3585 174 3632 nem
192 3563 432 3650 spectantibus,
449 3559 616 3645 aliquibus
632 3561 804 3650 providere
819 3581 878 3647 per
893 3561 998 3646 ipsius
1014 3559 1113 3629 Sedis
1137 3557 1225 3625 litte-

97 3693 153 3742 ras
171 3691 238 3740 non
254 3671 416 3762 facientes
432 3664 565 3761 plenam
581 3677 615 3738 et
630 3690 823 3756 expressam
839 3670 882 3737 de
898 3669 1026 3738 indulto
1037 3667 1224 3753 huJusmodi

96 3782 313 3866 mentionem,
330 3799 387 3846 seu
404 3779 519 3862 aliqua
534 3777 740 3865 indulgentia
757 3775 853 3846 Sedis
870 3775 1026 3856 eiusdem,
1051 3793 1224 3862 perquam

98 3891 251 3958 executio
266 3888 456 3978 hujusmodi
473 3885 624 3974 impediri
640 3887 762 3970 valeat,
781 3885 834 3953 vel
851 3883 984 3967 differri,
1001 3882 1090 3951 etde
1107 3901 1173 3967 qua
1188 3882 1223 3948 in

99 3997 223 4069 nostris
248 3997 369 4066 litteris
396 3995 466 4064 fieri
491 3996 614 4063 debeat
637 3995 759 4062 mentio
784 3992 949 4080 specialis.
986 3993 1109 4059 Datum
1136 3990 1225 4078 apud

98 4107 222 4176 Urbem
249 4107 404 4174 Veterem
428 4103 503 4173 llll.
529 4105 643 4171 Nonas
673 4102 844 4186 lanuarii5
876 4099 1087 4169 Pontificatus
1119 4099 1225 4169 nostri

100 4237 189 4286 enno
205 4215 315 4285 tertio.

206 4337 1122 4448 (lv.01btnptpa1tegesttibel‚Themerie.m.1.k.nee.lt
