3250 5268
937 1055 994 1123 Ἀ

406 1255 468 1322 IV.
485 1253 635 1322 Kelemsu
652 1257 745 1341 pdpo
760 1275 781 1316 o
805 1251 930 1340 tidonyi
948 1255 1117 1343 opdtortpot
1133 1277 1172 1319 or
1195 1253 1331 1341 apostoli
1353 1254 1544 1341 rztkpdrt·

400 1360 523 1451 sopdso
549 1360 606 1426 olei
636 1361 738 1444 vasi,
769 1361 1000 1448 spysssrssrss'od
1030 1361 1141 1425 oooek
1158 1363 1269 1450 jopos’t
1298 1361 1541 1448 meoetstsetrs

917 1468 1016 1532 1266.

513 1664 663 1733 clemens
680 1663 867 1751 Episcopus
893 1681 1009 1730 seruos
1035 1681 1201 1732 seruorum
1217 1663 1280 1730 Dei
1305 1661 1438 1732 dileetis
1453 1661 1540 1732 tiliis

405 1771 527 1842 sobsti
542 1771 732 1841 Honesterii
748 1771 790 1838 do
805 1771 951 1860 'Pyluhon
967 1773 1102 1856 eiusque
1126 1771 1285 1840 fratribus
1301 1779 1368 1838 tom
1392 1789 1540 1866 'presen-

405 1881 494 1949 tibus
509 1899 607 1966 quem
633 1879 753 1946 futuris
771 1877 959 1963 religiossm
985 1881 1086 1948 ritsrn
1114 1879 1275 1966 professis
1291 1880 1539 1966 inperpetuum.

404 1988 608 2074 Religionum
635 1985 737 2055 ritem
764 1985 964 2072 eligentibus
986 1987 1212 2074 Apostoiieum
1229 1988 1382 2056 oonuenit
1407 1986 1539 2054 edesse

405 2096 596 2183 presidium,
611 2116 654 2164 ne
668 2095 754 2164 iorte
769 2095 945 2163 oninelibet
971 2097 1166 2165 temeritntis
1182 2095 1334 2163 ineursus
1360 2103 1417 2162 sut
1433 2113 1495 2162 eos
1514 2115 1538 2161 s

405 2205 576 2292 proposito
591 2211 735 2289 renoeos,
758 2211 814 2270 sut
828 2205 937 2288 robur,
954 2205 1043 2288 quod
1059 2205 1158 2289 absit,
1175 2221 1271 2270 ssore
1286 2202 1467 2289 Religionis
1484 2203 1537 2269 in·

404 2313 537 2398 ningat.
561 2312 756 2400 Repropter,
777 2311 891 2379 diieoti
909 2313 941 2377 in
960 2311 1101 2378 Domino
1115 2311 1176 2398 filij
1186 2361 1195 2394 ,
1220 2313 1344 2379 vestris
1360 2311 1455 2378 iustis
1473 2330 1537 2396 po·

404 2419 639 2488 stuieeionibus
651 2421 828 2488 elementer
844 2420 1029 2505 annuimus,
1047 2419 1320 2486 etmonssterinm
1339 2419 1382 2485 de
1395 2417 1535 2485 'l'hilron

405 2527 673 2614 wesprimiensis
691 2526 844 2595 Dionesis
854 2577 862 2610 ,
881 2527 914 2593 in
933 2546 997 2610 quo
1014 2527 1135 2595 Diuino
1155 2529 1235 2595 estis
1252 2527 1408 2610 obsequio
1436 2545 1533 2592 msn·

405 2637 514 2722 eipsti,
532 2635 593 2704 sub
617 2637 712 2703 Booti
738 2633 827 2702 Petri
853 2641 887 2701 et
912 2641 1024 2701 nostro
1048 2635 1252 2721 protentione
1277 2635 1472 2721 suscipimus
1502 2637 1537 2698 st

403 2743 565 2827 presentis
581 2743 696 2830 scripti
713 2743 888 2828 priuilegio
913 2741 1158 2809 communimus.
1184 2743 1348 2830 imprimis
1365 2741 1535 2826 siquidem

403 2855 605 2935 statuentes,
631 2857 667 2917 ut
682 2849 761 2918 ordo
778 2851 1001 2934 monsstions,
1027 2851 1082 2934 qui
1098 2851 1281 2918 seeundum
1297 2850 1361 2916 Dei
1381 2855 1414 2915 et
1429 2849 1534 2916 Beati

403 2956 573 3026 Benedicti
589 2959 734 3042 regulam
752 2959 784 3024 in
803 2958 916 3024 eodem
933 2959 1133 3026 monasterio
1159 2959 1327 3027 institutus
1344 2975 1420 3024 esse
1436 2955 1533 3024 dino-

403 3067 517 3151 seitur,
533 3067 704 3152 perpetuis
719 3065 842 3134 ibidem
858 3067 1061 3152 temporibus
1077 3066 1312 3133 inuiolabiliter
1321 3068 1532 3136 obstruetur.

403 3175 558 3241 Preteres
583 3192 797 3260 quaeeunque
822 3171 1071 3260 possessiones,
1107 3190 1300 3257 quoeunque
1326 3174 1414 3240 bono
1439 3175 1531 3244 idem

403 3281 634 3350 monasterium
651 3281 685 3347 in
700 3285 946 3367 presenoisrunu
958 3281 1046 3349 inste
1062 3301 1104 3348 uo
1120 3282 1280 3350 onnonioe
1291 3281 1453 3368 possidet,
1472 3289 1533 3350 sut

402 3389 436 3456 in
462 3387 605 3456 futurum
632 3387 845 3457 oonoessione
870 3386 1085 3472 Pontificum,
1121 3389 1298 3471 largitione
1323 3389 1448 3473 Regum
1476 3389 1532 3456 rei

253 3549 262 3562 ,
404 3493 601 3581 Principum,
619 3495 789 3565 oblseione
801 3493 958 3582 fidelium,
969 3495 1217 3563 seusliisinstis
1236 3495 1341 3564 modis
1357 3503 1533 3584 prestsnte

404 3602 545 3670 Domino
562 3603 682 3688 poterit
698 3601 850 3690 odipisoi,
867 3601 1066 3670 firmsvobis
1085 3605 1271 3688 vestrisque
1281 3603 1532 3673 suecessoribus

403 3711 534 3779 iilibsts
549 3717 782 3800 permaneant,
799 3713 832 3776 in
849 3711 968 3794 quibus
987 3709 1049 3778 hoo
1075 3713 1221 3799 propriis
1239 3711 1391 3780 duximus
1416 3713 1530 3798 expri-

404 3819 525 3887 mendo
535 3819 718 3887 vocubulis.
736 3819 857 3886 Loeum
872 3819 1035 3906 ipsum,in
1046 3819 1282 3905 quopreistum
1293 3819 1530 3888 Monssterium

402 3926 499 3994 situnr
517 3934 586 4013 est,
611 3947 685 3995 oum
702 3927 852 3994 omnibns
877 3928 1089 4013 pertinenoiis
1106 3927 1190 4012 suis,
1210 3929 1328 3997 uellem
1345 3927 1531 3998 monsedo·

403 4055 494 4118 rum,
519 4054 583 4122 que
599 4035 730 4103 Vruuluu
748 4035 926 4122 vulgariter
949 4043 1155 4122 nominetur,
1182 4055 1254 4104 oum
1277 4035 1384 4119 torris,
1409 4025 1530 4123 vineis,

402 4144 668 4229 possessionibus
684 4149 718 4211 et
733 4143 882 4210 omnibns
892 4143 1105 4230 pertinenoiis
1121 4145 1202 4228 suis,
1222 4143 1334 4212 Senoti
1342 4141 1530 4230 diiohselis,

402 4251 519 4320 Senoti
535 4251 697 4319 Dominioi
706 4303 716 4338 ,
744 4253 866 4321 Soneio
882 4252 986 4319 Murio
1002 4251 1200 4335 magdelene
1217 4259 1251 4318 et
1268 4251 1391 4320 Sonote
1405 4250 1527 4339 ulyss-

401 4357 479 4430 best
496 4359 644 4448 ospello·
660 4380 735 4429 oum
751 4361 901 4428 omnibus
918 4359 1132 4446 pertinenciis
1149 4357 1350 4440 eorundem,
1366 4354 1527 4440 (oestrum

401 4471 505 4556 ipsius
515 4471 716 4553 monosterii,
733 4489 795 4536 neo
805 4466 885 4556 non)
901 4467 1015 4534 villam
1025 4469 1138 4554 Apoty
1154 4473 1188 4533 ot
1198 4467 1338 4534 insulem
1349 4461 1525 4553 (insuper),

401 4595 466 4660 que
497 4578 690 4661 sppoiintur
725 4575 869 4664 'Phykous
904 4594 976 4642 oum
1012 4573 1162 4642 omnibus
1198 4571 1412 4661 pertinenoiie
1444 4573 1526 4657 nois,

401 4691 529 4768 portum
554 4703 658 4769 supro
674 4687 780 4753 iseum
791 4733 801 4770 ,
827 4684 883 4770 qui
908 4682 1042 4752 Bolotin
1057 4679 1257 4770 (nominetur
1281 4687 1315 4750 et
1332 4699 1426 4748 usum
1452 4679 1521 4768 pis·
