3230 5268
841 345 999 452 Q

363 562 492 612 sacram
508 543 646 630 pedibus
663 542 866 613 conculcavit
881 543 1124 622 eucharistiam,
1141 543 1328 610 sacerdotes
1339 547 1476 607 tormen·

362 658 466 718 torum
483 649 592 720 affecit
607 651 782 738 martyriis,
798 652 987 722 devastavit
1003 650 1170 736 ecelesias,
1196 645 1385 716 sanctuaria
1409 665 1481 732 pro

360 757 498 845 sanavit,
514 760 656 846 virgines
672 767 706 828 et
718 762 856 849 juvenes
872 761 1010 832 abduxit
1026 757 1210 846 captivitati
1235 763 1416 844 perpetuae
1431 776 1480 823 re·

362 865 522 953 digendos
538 875 570 934 et
585 876 741 938 nocenter
756 869 872 939 effudit
887 869 1082 956 sanguinem
1092 860 1313 950 innocentum,
1329 882 1480 950 nonper-

361 992 440 1042 eens
456 975 643 1064 conditioni,
660 979 823 1064 sanguini,
839 979 931 1047 sexui
947 980 1001 1046 vel
1017 975 1129 1044 aetati.
1145 973 1256 1056 Quare
1266 973 1411 1061 prolecto
1422 991 1480 1040 ros

361 1102 514 1169 rogamus
530 1086 684 1154 attentius
700 1093 732 1154 et
748 1087 925 1176 hortamur,
941 1094 976 1156 ut
989 1087 1109 1170 uelitis,
1127 1086 1156 1152 si
1173 1105 1238 1153 non
1254 1083 1360 1168 nobis,
1372 1080 1481 1150 saltim

361 1191 566 1279 tlhristianis,
583 1215 717 1280 quorum
733 1198 870 1283 sanguis
886 1195 1007 1266 effusus
1024 1202 1073 1262 est
1090 1197 1123 1262 in
1139 1194 1299 1262 creatoris
1317 1199 1481 1260 contume-

360 1303 451 1382 llam,
467 1301 653 1372 condolere.
668 1303 803 1372 Adhaec
818 1305 929 1390 etium,
945 1311 980 1373 ut
995 1301 1183 1370 immanitas
1200 1298 1344 1368 oriminis
1359 1319 1420 1366 vos
1436 1297 1480 1366 ad

363 1411 623 1499 compassionem
640 1413 760 1480 excitet
775 1413 976 1500 ampliorem,
993 1413 1037 1478 ad
1052 1413 1086 1478 id
1111 1415 1242 1478 restrae
1270 1406 1482 1477 discretionis

362 1518 532 1587 scolinetis
546 1539 686 1588 acumen
701 1527 734 1588 et
749 1522 920 1591 interiores
937 1519 1042 1589 cordis
1058 1519 1169 1587 oculos
1196 1515 1385 1604 diligentins
1409 1535 1484 1583 con·

361 1627 508 1713 vertatis,
525 1629 657 1714 quodsi
673 1649 741 1714 nos,
759 1630 847 1715 quod
862 1631 960 1714 absit,
977 1629 1034 1713 qui
1045 1647 1154 1695 murus
1165 1632 1274 1694 vester
1284 1646 1396 1693 sumus
1408 1643 1484 1692 con·

359 1735 561 1823 traperfidas
572 1739 731 1824 nationes,
748 1741 972 1821 corruerimus,
990 1745 1022 1806 et
1037 1737 1149 1824 paries
1160 1741 1296 1804 nostrae
1308 1735 1479 1821 potentiae

357 1841 458 1912 luerit
469 1844 663 1930 periuratus,
678 1865 737 1913 ros
753 1844 795 1912 de
810 1851 917 1913 cetero
934 1846 1049 1912 sciatis
1066 1844 1245 1912 consimilis
1255 1844 1405 1929 jucturae
1421 1862 1482 1928 pe·

359 1952 461 2021 riculo
476 1952 669 2040 subjacero;
693 1973 769 2021 nam
792 1955 879 2023 siout
903 1952 1061 2022 describit
1085 1954 1263 2021 auctoritas
1274 2001 1284 2038 ,
1312 1953 1400 2039 ,Res
1425 1957 1484 2018 tua

358 2065 439 2129 tunc
454 2059 573 2148 agitur,
590 2061 701 2148 peries
717 2081 788 2130 eum
809 2061 975 2148 proximus
991 2059 1116 2146 ardet,“
1144 2061 1297 2146 quoniam
1321 2061 1413 2128 mala
1437 2061 1485 2127 vi·

362 2165 438 2235 cina
453 2176 486 2236 et
501 2169 715 2256 imminentia,
732 2171 761 2237 si
777 2169 900 2239 eisdem
924 2189 990 2236 non
1015 2168 1219 2256 tempestivis
1244 2168 1400 2238 remediis
1426 2169 1483 2238 ob·

361 2275 477 2362 vietur,
493 2277 625 2346 laedere
641 2298 682 2346 ac
697 2297 816 2347 nocere
831 2278 962 2346 facilius
980 2285 1228 2347 consueverunt.
1245 2277 1290 2347 Ut
1305 2278 1407 2365 igitur
1420 2277 1483 2347 lor·

362 2403 449 2453 nram
472 2385 719 2473 privilegiorum
749 2406 847 2472 super
878 2387 1003 2474 treugis
1032 2385 1219 2474 hujusmodi
1251 2387 1481 2472 confectorum,

363 2509 460 2576 quam
475 2492 521 2560 ad
535 2493 691 2562 noticiam
707 2492 828 2564 domini
846 2495 970 2583 Papae,
996 2495 1228 2581 cardinalium,
1252 2494 1482 2582 drohicpisoo·

362 2618 488 2687 porum,
505 2599 742 2688 Episcoporum
759 2607 792 2668 et
808 2605 947 2670 omnium
968 2602 1225 2671 Christianorum
1241 2601 1370 2672 deferre
1394 2603 1483 2673 volu·

362 2727 446 2793 runs,
462 2715 497 2774 ut
512 2714 655 2776 nostram
671 2711 889 2778 innocentiam
905 2719 939 2778 et
954 2709 1136 2780 inauditam
1155 2711 1307 2797 injuriam
1323 2711 1420 2779 nobis
1435 2711 1483 2779 la·

365 2825 451 2885 ctam
466 2817 583 2884 audiat
598 2823 685 2887 totus
701 2819 850 2906 mundus,
866 2828 967 2904 atque
986 2819 1087 2887 etiam
1105 2827 1141 2886 ut
1157 2819 1308 2901 singulas
1326 2819 1482 2888 conditio·

364 2941 433 3008 nes,
449 2925 567 3008 quibus
582 2933 718 3012 treugae
735 2926 869 2995 eaedem
881 2933 956 2995 sunt
971 2927 1128 3011 vallatae,
1152 2926 1283 3013 plenius
1309 2947 1483 3014 eognosca-

363 3033 415 3116 tis,
431 3051 507 3099 ecoe
523 3034 618 3102 robis
634 3035 675 3102 de
700 3036 800 3104 uerbo
827 3035 871 3102 cd
896 3035 1030 3104 verbum
1055 3035 1305 3122 transscriptum
1330 3034 1483 3103 mittimus

364 3137 560 3225 eorumdem,
577 3139 678 3226 sigilli
694 3143 797 3209 nostri
812 3143 988 3211 munimine
1002 3143 1202 3212 roboratum.

613 3323 862 3409 (Palacky,t‘1ber
879 3337 1113 3412 Formelbtlcher,
1126 3339 1186 3395 275.
1200 3336 1233 3410 Ι.)
