3250 5268
822 279 987 394 ‘bb-b—

346 481 407 552 oiis
422 481 491 550 suls
506 477 540 547 in
558 479 684 550 eisdem
701 481 807 566 metis,
823 496 909 566 quas
916 476 1029 548 dieunt
1042 479 1078 545 in
1091 446 1213 548 litteris
1236 479 1355 548 domini
1374 476 1502 562 Regis

345 586 517 670 contineri,
533 606 597 672 que
611 593 698 656 mete
714 594 875 675 separant
892 592 925 656 et
940 585 1147 674 distinguunt
1162 587 1269 672 ipsam
1293 586 1504 675 possessio-

345 717 419 766 nem
434 695 539 781 leols
554 695 597 760 ab
613 695 691 764 aliis
708 691 975 781 possessionibus
990 695 1101 782 Ipoliti
1117 701 1218 764 antee
1240 695 1328 779 dieti,
1355 691 1503 762 Gomiti

224 834 229 838 ·
344 803 519 874 Dominioo
536 822 638 892 supra
653 803 743 872 dieto
759 804 892 888 reliquit
908 809 943 870 et
958 802 1084 874 dimisit
1098 802 1235 890 panitiae
1251 809 1286 872 et
1311 807 1501 890 perpetuo

345 911 600 1001 possidendam
629 931 666 979 se
681 913 793 982 taliter
808 913 998 998 obligando,
1015 911 1103 998 quod
1119 913 1148 980 si
1164 912 1286 997 aliquis
1310 912 1352 980 de
1377 930 1501 997 gene-

345 1021 482 1090 raoione
497 1037 559 1087 sua
574 1019 697 1088 dietum
712 1020 917 1089 Dominieum
933 1039 1032 1109 super
1050 1021 1127 1110 ipsa
1143 1020 1357 1108 possessione
1374 1018 1501 1106 Ujlok

346 1127 447 1196 vellet
462 1127 631 1215 impetere,
641 1128 838 1214 Lampertus
850 1128 991 1198 eundem
1006 1137 1039 1196 et
1054 1147 1133 1196 euos
1149 1128 1292 1198 heredes
1308 1129 1501 1197 tenebitur

346 1233 517 1322 expedire..
530 1235 685 1304 Preterea
700 1237 809 1304 dictus
826 1235 944 1307 Comes
967 1237 1158 1305 Dominious
1174 1237 1336 1322 obligauit
1359 1257 1402 1306 se
1434 1257 1501 1306 so·

347 1345 487 1410 luturum
513 1341 578 1430 ipsi
602 1343 780 1429 Lamperto
810 1345 988 1432 sexaginte
1011 1363 1142 1414 mareas
1159 1345 1192 1412 iu
1207 1352 1345 1430 argento
1359 1343 1500 1414 meroi-

346 1451 502 1535 moniali,
529 1450 571 1517 de
597 1451 714 1534 quibus
739 1451 858 1538 viginti
882 1471 1013 1520 meroes
1038 1453 1149 1520 soluet
1164 1452 1197 1519 iu
1214 1451 1341 1520 ootanis
1357 1451 1496 1521 Sanoti

346 1559 503 1643 biettini3
526 1556 605 1624 item
629 1558 746 1645 viginti
769 1577 901 1626 mareas
917 1559 951 1624 iu
967 1559 1096 1626 oetauis
1112 1558 1307 1630 Natiuitatis
1323 1558 1496 1642 Domini3

347 1673 382 1735 et
395 1666 514 1751 viginti
530 1685 658 1734 mareas
673 1666 707 1732 in
724 1665 851 1732 ootauia
879 1662 1120 1751 puribonoionis
1135 1667 1236 1733 Beate
1249 1667 1355 1735 llario
1369 1664 1498 1752 Virgi-

347 1774 409 1842 nis.
435 1773 478 1841 Et
504 1775 534 1840 si
549 1773 690 1858 aliquem
707 1773 928 1858 predictorum
946 1773 1155 1842 terminorum
1166 1775 1349 1860 negligeret
1363 1774 1399 1840 in
1418 1773 1497 1842 sol·

347 1883 465 1964 nendo,
481 1881 611 1950 soluere
626 1879 790 1948 tenebitur
805 1900 879 1946 oum
895 1899 982 1964 pene
998 1878 1098 1967 dupli.
1114 1881 1290 1967 Adjeotum
1305 1887 1358 1950 est
1370 1881 1492 1950 seiam

347 2009 408 2076 per
427 1995 618 2076 presentes,
638 1987 724 2072 quod
745 1989 774 2055 si
793 1989 905 2072 eliqua
923 1991 1051 2072 questio
1071 2007 1171 2075 super
1189 2023 1232 2036 -
1251 2027 1294 2040 —
1312 2008 1494 2075 -quare

347 2097 390 2166 ue
414 2096 499 2184 ipsis
525 2095 790 2182 possessionibus
814 2118 874 2186 per
898 2098 1044 2182 aliquem
1068 2098 1303 2184 monebuntur,
1328 2097 1494 2184 quelibet

347 2204 500 2294 peroiun
527 2223 563 2271 se
588 2223 649 2291 pro
673 2221 736 2270 sua
750 2212 846 2290 parte
862 2205 1029 2274 tenebitur
1044 2196 1212 2291 expedire.
1228 2207 1273 2276 llt
1286 2208 1335 2275 sio
1352 2203 1493 2290 plaeuit

347 2311 494 2394 utrisque
510 2311 672 2398 partibus,
688 2311 775 2399 quod
792 2314 896 2380 omnis
923 2313 1103 2398 oontenoio,
1128 2315 1289 2400 quainter
1315 2313 1487 2382 Comitem

347 2417 557 2488 Dominieum
574 2425 608 2486 et
623 2417 742 2488 iratres
767 2437 856 2505 suos,
883 2419 1040 2490 videlieet
1061 2421 1229 2492 Simonem
1260 2421 1422 2496 Oomitem
1451 2427 1490 2489 et

347 2525 545 2598 lliehaelem
560 2529 594 2592 et
609 2524 770 2594 Comitem
785 2525 899 2611 Beere,
919 2533 954 2594 et
970 2527 1055 2596 inter
1070 2527 1253 2614 predlotum
1270 2531 1490 2616 lampertum

351 2635 382 2706 ei
406 2631 554 2702 Bissium
579 2632 714 2702 fratrem
740 2631 822 2720 ejus,
847 2633 903 2718 qui
930 2635 1148 2722 personaliter
1174 2637 1248 2704 huie
1273 2635 1488 2706 ordinaeioni

347 2742 527 2825 eonsensit,
559 2743 751 2814 uertebatur
784 2749 920 2814 eotenus
946 2763 1046 2832 super
1072 2746 1205 2832 duello,
1235 2745 1484 2828 destruooione,

349 2849 479 2920 demnis
504 2868 545 2916 ao
569 2850 714 2936 injuriis,
742 2851 875 2920 omnino
900 2857 952 2920 est
975 2854 1094 2939 sopita.
1121 2854 1164 2922 lit
1189 2853 1314 2922 soluoio
1338 2854 1487 2940 pecunie

348 2955 516 3026 antediote
531 2958 573 3026 de
588 2958 759 3028 voluntate
774 2959 921 3043 paroium
946 2959 980 3026 iu
1005 2961 1153 3029 terminis
1182 2962 1365 3045 prenotatis
1380 2959 1486 3029 debet

348 3063 420 3136 fleri
436 3085 547 3138 eoram
572 3065 726 3151 capitulo
754 3067 910 3154 Albensi,
936 3067 1030 3155 eujus
1047 3068 1194 3156 Capituli
1208 3069 1326 3138 litteris
1341 3071 1484 3158 priuile-

347 3173 448 3260 giatis
472 3192 551 3258 pars
576 3179 718 3259 utraque
735 3173 827 3243 fante
842 3175 1011 3246 soluoiooe
1030 3177 1170 3262 peouuie
1186 3176 1374 3264 supradiete
1390 3197 1429 3246 se
1448 3179 1484 3244 in

348 3287 539 3368 perpetuum
565 3279 722 3366 obligant
750 3283 832 3350 Item
856 3289 976 3370 postea
1003 3284 1170 3368 adjectum
1188 3291 1249 3370 est,
1265 3283 1398 3370 quodsi
1413 3305 1485 3372 qua

347 3389 495 3475 paroium
521 3387 564 3455 de
589 3389 651 3456 hae
668 3387 773 3456 forma
790 3390 874 3458 iutro
890 3398 1071 3476 prouooats
1085 3393 1249 3475 resilierit,
1265 3414 1385 3479 penam
1402 3414 1481 3462 oeu-

349 3501 416 3560 tum
433 3512 619 3564 marearum
634 3497 792 3580 paoietur.
814 3496 936 3564 Datum
953 3505 987 3566 et
1001 3507 1111 3568 sotum
1126 3499 1160 3568 in
1176 3501 1237 3570 die·
1248 3500 1372 3568 Mathai
1388 3503 1480 3588 Apo-

348 3601 425 3668 stoli
442 3620 529 3670 suno
545 3600 679 3671 Domini
694 3605 736 3671 ll.
754 3603 818 3674 OG.
836 3603 970 3673 LXVII.
998 3619 1000 3623 ’

348 3791 663 3864 (seruo-reserves
676 3797 819 3872 erperae
832 3815 931 3874 epyro
945 3799 1073 3961 usqu-ur
1097 3797 1269 3871 semeron
1294 3800 1366 3858 ereo
1390 3799 1480 3857 artes

827 3891 889 3946 112.
905 3905 945 3945 ss.
964 3904 990 3944 s.
