3250 5268
887 283 1010 386 L

375 476 518 561 duplicis
535 479 636 564 sigilli
652 482 755 548 nostri
770 483 947 550 munimine
964 485 1148 552 roboratas.
1165 487 1287 552 Datum
1306 506 1364 571 per
1383 505 1505 554 manus

374 587 523 671 magistri
541 587 695 656 Earkasii
719 589 825 656 Electi
841 591 997 658 Albensis
1012 591 1090 660 aule
1106 601 1215 660 nostre
1233 593 1506 660 Vico-Gnncella-

375 695 414 759 rii
431 693 543 762 dilecti
569 702 602 762 et
626 693 733 763 fidelis
759 699 869 781 nostri,
886 717 972 765 anno
997 697 1128 767 Domini
1153 698 1274 770 tt⁰cc⁰
1290 701 1505 782 sexagesimo

376 807 495 884 quarto
511 801 619 888 Regni
635 807 744 870 autem
759 805 861 872 nostri
877 824 967 874 anno
982 803 1143 875 vicesimo
1160 823 1256 874 nono.

548 976 693 1050 (Eredetie
706 994 723 1034 s
736 978 941 1038 ssentmdrtoni
952 979 1105 1054 idspdtsdg
1116 979 1339 1054 levdltdrdbsu.)

827 1282 1042 1299 m

895 1751 950 1818 5⁰.

376 1935 396 1998 1
402 1933 436 2000 V.
459 1931 565 1998 Orbcin
578 1934 669 2018 pcipe
687 1933 795 1996 lstodo
804 1933 963 2017 prenestes‘
978 1931 1322 2018 bibernolc-pdcpo'lcock
1338 1957 1358 1997 a
1374 1934 1507 2018 coprem

477 2039 660 2126 aspersstsdp
674 2038 809 2123 ttpydban
824 2038 926 2104 bosott
941 2037 1055 2104 escleta
1071 2038 1178 2103 andsiti
1192 2063 1268 2128 ”²⁶9-
1294 2041 1393 2104 1264.

482 2232 634 2301 Urbanus
660 2231 845 2318 Episcopus
869 2240 931 2300 etc.
956 2233 1079 2302 dilecto
1105 2235 1173 2304 tilio
1199 2235 1358 2321 magistro
1384 2235 1504 2301 Ireneo

372 2343 540 2411 canonico
557 2341 721 2410 lauriensi
737 2342 877 2408 salutem
894 2351 955 2408 etc.
974 2342 1024 2408 Ea
1039 2362 1103 2426 que
1114 2343 1242 2428 jndicio
1258 2343 1310 2410 vel
1323 2343 1504 2409 concordia

369 2453 596 2529 terminantur,
613 2449 706 2517 firma
722 2449 843 2516 debent
860 2457 894 2517 at
908 2449 1037 2518 illibata
1051 2451 1241 2535 consistere,
1260 2458 1293 2517 et
1309 2470 1351 2516 ne
1367 2451 1400 2515 iu
1417 2451 1500 2516 reci-

370 2559 446 2627 dive
463 2557 682 2626 contentionis
698 2557 886 2642 scrupulum
902 2559 1103 2642 relabantur,
1132 2558 1321 2643 Apostolico
1347 2557 1506 2624 convenit

372 2665 519 2753 presidio
541 2663 740 2732 communiri.
768 2665 954 2751 Eapropter
978 2671 1042 2732 etc.
1069 2667 1312 2734 communimus.
1343 2663 1504 2732 Exhibita

373 2771 532 2858 siquidem
551 2771 646 2838 nobis
662 2778 719 2837 tua
734 2772 849 2855 petitio
865 2771 1064 2855 continebat,
1081 2771 1168 2855 quod
1185 2793 1256 2839 cum
1268 2791 1329 2840 nos
1340 2773 1372 2840 in
1386 2791 1502 2864 causa,

378 2901 441 2966 que
456 2883 542 2948 inter
558 2888 590 2946 te
606 2899 647 2946 ex
663 2887 758 2964 parte
777 2899 854 2964 una,
875 2887 908 2947 et
923 2880 1146 2946 venerabilem
1165 2879 1296 2946 fratrem
1313 2886 1459 2946 nostrum
1472 2923 1500 2944 .-

371 2987 570 3074 Episcopum
596 2995 628 3052 et
653 2985 846 3071 magistrum
871 2989 1010 3069 Petrum,
1031 2994 1181 3072 nepotem
1199 2997 1230 3052 et
1254 2977 1501 3073 procuratorem

372 3097 455 3182 ejus,
482 3093 683 3164 canonicum
709 3093 908 3178 laurienses,
932 3113 1031 3182 super
1053 3103 1193 3164 venante
1220 3095 1502 3162 Archidiaconstu

371 3201 586 3291 Supruniensi
617 3203 650 3267 in
682 3201 836 3270 Ecclesia
860 3201 1043 3292 lauriensi,
1076 3206 1119 3269 ad
1150 3203 1362 3269 collationem
1393 3203 1501 3288 ipsius

374 3310 530 3398 Episcopi
548 3309 751 3394 pertinente,
777 3310 809 3375 in
829 3329 894 3393 quo
911 3317 944 3377 tu
961 3321 994 3376 et
1009 3309 1116 3378 dictus
1132 3311 1291 3394 magister
1306 3329 1365 3377 vos
1378 3313 1437 3398 jus
1454 3311 1501 3378 di-

372 3418 500 3496 cebatis
531 3417 664 3503 babere,
696 3435 737 3482 ex
763 3416 871 3483 altera
896 3423 968 3484 orta
992 3415 1134 3502 exstitit,
1158 3435 1219 3503 per
1244 3419 1509 3503 appellationem.

372 3534 463 3594 tuam
489 3523 532 3592 ad
557 3523 676 3592 Sedent
701 3521 927 3608 Apostolicam
944 3522 1090 3607 legitime
1105 3524 1270 3609 devoluta,
1290 3525 1447 3593 dilectum
1465 3525 1500 3591 fi-

372 3638 451 3704 linm
466 3638 611 3701 nostrum
628 3628 667 3696 G.
686 3631 800 3697 Sancti
820 3629 957 3716 Georgii
966 3631 1010 3696 ad
1022 3629 1136 3699 Velum
1153 3633 1297 3701 Aureum
1315 3630 1499 3701 Diaconum

373 3741 584 3814 Oardinalem
603 3737 810 3807 dedissemus
836 3739 984 3825 partibus
1004 3739 1206 3822 Auditorem,
1225 3737 1346 3808 libellis
1362 3741 1500 3809 tandem

372 3869 482 3918 noram
499 3847 630 3915 echino
654 3846 733 3914 inde
757 3847 927 3932 porrectis,
945 3847 1094 3933 partibus
1110 3848 1244 3932 placuit,
1261 3847 1348 3930 quod
1363 3867 1499 3917 venera-

371 3959 448 4026 bilis
464 3955 566 4023 irater
589 3960 701 4022 noster
726 3949 944 4041 S(tephanus)
971 3956 1184 4023 Prcnestinus
1209 3954 1396 4042 Episcopus
1413 3977 1499 4023 conr-

373 4068 510 4154 poneret
525 4064 609 4130 inter
624 4079 694 4145 eas,
720 4061 776 4144 qni
801 4081 823 4129 a
846 4060 942 4129 nobis
967 4079 1068 4148 super
1090 4061 1149 4128 boo
1164 4063 1239 4130 vive
1254 4061 1347 4130 vocis
1363 4063 1498 4130 oraculo

371 4175 505 4258 plenam
522 4169 751 4237 auctoritatem
767 4165 906 4234 obtinuit
922 4174 955 4234 et
970 4167 1105 4235 liberam
1132 4175 1339 4256 potestatem.
1372 4167 1422 4237 Te
1438 4170 1499 4237 its·

371 4299 435 4362 qne
453 4296 493 4346 ac
513 4277 627 4344 eodem
644 4275 802 4360 magistro
819 4275 916 4342 Petro
932 4273 966 4340 in
982 4274 1129 4360 ejusdem
1139 4275 1297 4362 Episcopi
1312 4277 1498 4344 Prenestini

372 4385 541 4472 presentia
558 4385 757 4467 constitutis,
773 4381 859 4450 idem
868 4383 985 4450 Petrus
1001 4387 1068 4448 tam
1085 4403 1144 4468 pro
1161 4403 1198 4451 se
1215 4403 1315 4466 quum
1331 4403 1390 4468 pro
1407 4385 1498 4452 dicto

371 4491 537 4576 Episcopo
554 4491 726 4574 lauriensi,
752 4508 773 4554 a
797 4509 862 4573 quo
890 4486 1109 4575 transigendi,
1126 4489 1345 4574 componendi
1361 4498 1394 4558 et
1410 4509 1497 4558 com-

371 4596 583 4690 promittendi
599 4596 744 4684 speciale
761 4595 951 4682 mandatum
968 4603 1001 4666 et
1022 4597 1160 4666 liberam
1179 4601 1378 4690 potestatem
1396 4597 1497 4668 babe-
