<?xml version="1.0" encoding="UTF-8"?>
<!DOCTYPE html PUBLIC "-//W3C//DTD XHTML 1.0 Transitional//EN"
    "http://www.w3.org/TR/xhtml1/DTD/xhtml1-transitional.dtd">
<html xmlns="http://www.w3.org/1999/xhtml" xml:lang="en" lang="en">
 <head>
  <title>
</title>
<meta http-equiv="Content-Type" content="text/html;charset=utf-8" />
  <meta name='ocr-system' content='tesseract 3.04.00' />
  <meta name='ocr-capabilities' content='ocr_page ocr_carea ocr_par ocr_line ocrx_word'/>
</head>
<body>
  <div class='ocr_page' id='page_1' title='image "./codexdiplomatic07wenzgoog_0108.png"; bbox 0 0 3250 5268; ppageno 0'>
   <div class='ocr_carea' id='block_1_1' title="bbox 460 1211 1402 1304">
    <p class='ocr_par' dir='ltr' id='par_1_1' title="bbox 460 1211 1402 1304">
     <span class='ocr_line' id='line_1_1' title="bbox 460 1211 1402 1304; baseline -0.001 -28"><span class='ocrx_word' id='word_1_1' title='bbox 460 1211 520 1278; x_wconf 88' lang='lat' dir='ltr'><strong>IV.</strong></span> <span class='ocrx_word' id='word_1_2' title='bbox 539 1212 647 1280; x_wconf 76' lang='lat' dir='ltr'><strong>Orbdc</strong></span> <span class='ocrx_word' id='word_1_3' title='bbox 656 1217 949 1304; x_wconf 62' lang='grc' dir='ltr'><strong>ράραωρμαηαιοπ</strong></span> <span class='ocrx_word' id='word_1_4' title='bbox 964 1213 1083 1301; x_wconf 71' lang='lat' dir='ltr'><strong>upplan</strong></span> <span class='ocrx_word' id='word_1_5' title='bbox 1097 1211 1284 1279; x_wconf 68' lang='lat' dir='ltr'><strong>iotdzkcdils</strong></span> <span class='ocrx_word' id='word_1_6' title='bbox 1302 1211 1402 1277; x_wconf 78' lang='lat'><strong><em>1264.</em></strong></span> 
     </span>
    </p>
   </div>
   <div class='ocr_carea' id='block_1_2' title="bbox 369 1405 1503 2038">
    <p class='ocr_par' dir='ltr' id='par_1_2' title="bbox 369 1405 1503 2038">
     <span class='ocr_line' id='line_1_2' title="bbox 477 1405 1501 1498; baseline -0.004 -20"><span class='ocrx_word' id='word_1_7' title='bbox 477 1407 630 1480; x_wconf 87' lang='lat' dir='ltr'><strong>Urbanus</strong></span> <span class='ocrx_word' id='word_1_8' title='bbox 663 1409 847 1498; x_wconf 74' lang='lat' dir='ltr'><strong>Episcopus</strong></span> <span class='ocrx_word' id='word_1_9' title='bbox 883 1417 944 1479; x_wconf 83' lang='lat' dir='ltr'><strong>ete</strong></span> <span class='ocrx_word' id='word_1_10' title='bbox 980 1409 1165 1479; x_wconf 78' lang='lat' dir='ltr'><strong>venerabili</strong></span> <span class='ocrx_word' id='word_1_11' title='bbox 1191 1409 1286 1477; x_wconf 82' lang='lat' dir='ltr'><strong>fratri</strong></span> <span class='ocrx_word' id='word_1_12' title='bbox 1303 1457 1312 1473; x_wconf 91' lang='lat'><strong>.</strong></span> <span class='ocrx_word' id='word_1_13' title='bbox 1329 1457 1338 1473; x_wconf 92' lang='lat'><strong>.</strong></span> <span class='ocrx_word' id='word_1_14' title='bbox 1354 1458 1363 1476; x_wconf 89' lang='lat'><strong>.</strong></span> <span class='ocrx_word' id='word_1_15' title='bbox 1380 1405 1501 1475; x_wconf 78' lang='lat' dir='ltr'><strong>drobi·</strong></span> 
     </span>
     <span class='ocr_line' id='line_1_3' title="bbox 370 1515 1497 1605; baseline -0.003 -21"><span class='ocrx_word' id='word_1_16' title='bbox 370 1518 526 1603; x_wconf 91' lang='lat' dir='ltr'><strong>episcopo</strong></span> <span class='ocrx_word' id='word_1_17' title='bbox 542 1519 725 1605; x_wconf 74' lang='lat' dir='ltr'><strong>colocensi,</strong></span> <span class='ocrx_word' id='word_1_18' title='bbox 742 1526 775 1587; x_wconf 88' lang='lat' dir='ltr'><strong>et</strong></span> <span class='ocrx_word' id='word_1_19' title='bbox 799 1517 921 1587; x_wconf 88' lang='lat' dir='ltr'><strong>dilecto</strong></span> <span class='ocrx_word' id='word_1_20' title='bbox 936 1519 1005 1586; x_wconf 87' lang='lat' dir='ltr'><strong>filio</strong></span> <span class='ocrx_word' id='word_1_21' title='bbox 1020 1517 1144 1587; x_wconf 81' lang='lat' dir='ltr'><strong>Abbati</strong></span> <span class='ocrx_word' id='word_1_22' title='bbox 1159 1515 1200 1584; x_wconf 89' lang='lat' dir='ltr'><strong>ds</strong></span> <span class='ocrx_word' id='word_1_23' title='bbox 1215 1517 1355 1604; x_wconf 79' lang='lat' dir='ltr'><strong>&#39;l&#39;oplica</strong></span> <span class='ocrx_word' id='word_1_24' title='bbox 1371 1516 1497 1586; x_wconf 77' lang='lat' dir='ltr'><strong>(lister-</strong></span> 
     </span>
     <span class='ocr_line' id='line_1_4' title="bbox 370 1623 1503 1712; baseline -0.002 -19"><span class='ocrx_word' id='word_1_25' title='bbox 370 1627 492 1695; x_wconf 89' lang='lat' dir='ltr'><strong>olensis</strong></span> <span class='ocrx_word' id='word_1_26' title='bbox 509 1625 643 1695; x_wconf 75' lang='lat' dir='ltr'><strong>Ordinis</strong></span> <span class='ocrx_word' id='word_1_27' title='bbox 668 1627 900 1712; x_wconf 75' lang='lat' dir='ltr'><strong>Zagabriensis</strong></span> <span class='ocrx_word' id='word_1_28' title='bbox 927 1625 1079 1695; x_wconf 83' lang='lat' dir='ltr'><strong>Diocesis</strong></span> <span class='ocrx_word' id='word_1_29' title='bbox 1104 1627 1247 1694; x_wconf 84' lang='lat' dir='ltr'><strong>salutem</strong></span> <span class='ocrx_word' id='word_1_30' title='bbox 1266 1629 1331 1692; x_wconf 88' lang='lat' dir='ltr'><strong>eto.</strong></span> <span class='ocrx_word' id='word_1_31' title='bbox 1365 1623 1440 1703; x_wconf 84' lang='lat' dir='ltr'><strong>Quo</strong></span> <span class='ocrx_word' id='word_1_32' title='bbox 1458 1623 1503 1692; x_wconf 90' lang='lat' dir='ltr'><strong>de</strong></span> 
     </span>
     <span class='ocr_line' id='line_1_5' title="bbox 370 1730 1502 1822; baseline -0.005 -19"><span class='ocrx_word' id='word_1_33' title='bbox 370 1735 469 1804; x_wconf 82' lang='lat' dir='ltr'><strong>Sedis</strong></span> <span class='ocrx_word' id='word_1_34' title='bbox 485 1735 549 1802; x_wconf 90' lang='lat' dir='ltr'><strong>stb.</strong></span> <span class='ocrx_word' id='word_1_35' title='bbox 566 1736 749 1822; x_wconf 80' lang='lat' dir='ltr'><strong>provenire.</strong></span> <span class='ocrx_word' id='word_1_36' title='bbox 789 1735 876 1804; x_wconf 83' lang='lat' dir='ltr'><strong>Sane</strong></span> <span class='ocrx_word' id='word_1_37' title='bbox 886 1733 1001 1820; x_wconf 89' lang='lat' dir='ltr'><strong>petitio</strong></span> <span class='ocrx_word' id='word_1_38' title='bbox 1018 1733 1131 1801; x_wconf 85' lang='lat' dir='ltr'><strong>dilecti</strong></span> <span class='ocrx_word' id='word_1_39' title='bbox 1147 1731 1206 1800; x_wconf 90' lang='lat' dir='ltr'><strong>lilii</strong></span> <span class='ocrx_word' id='word_1_40' title='bbox 1222 1731 1356 1800; x_wconf 83' lang='lat' dir='ltr'><strong>Erontii</strong></span> <span class='ocrx_word' id='word_1_41' title='bbox 1371 1730 1502 1816; x_wconf 80' lang='lat' dir='ltr'><strong>‘presbi-</strong></span> 
     </span>
     <span class='ocr_line' id='line_1_6' title="bbox 370 1836 1501 1930; baseline -0.001 -22"><span class='ocrx_word' id='word_1_42' title='bbox 370 1843 433 1912; x_wconf 89' lang='lat' dir='ltr'><strong>teri</strong></span> <span class='ocrx_word' id='word_1_43' title='bbox 448 1843 606 1910; x_wconf 81' lang='lat' dir='ltr'><strong>Oanoniei</strong></span> <span class='ocrx_word' id='word_1_44' title='bbox 631 1843 882 1928; x_wconf 77' lang='lat' dir='ltr'><strong>Zagabriensis‚¹</strong></span> <span class='ocrx_word' id='word_1_45' title='bbox 903 1842 1074 1930; x_wconf 80' lang='lat' dir='ltr'><strong>Capeliani</strong></span> <span class='ocrx_word' id='word_1_46' title='bbox 1093 1839 1292 1909; x_wconf 83' lang='lat' dir='ltr'><strong>venerabilis</strong></span> <span class='ocrx_word' id='word_1_47' title='bbox 1309 1836 1423 1908; x_wconf 85' lang='lat' dir='ltr'><strong>fratris</strong></span> <span class='ocrx_word' id='word_1_48' title='bbox 1442 1859 1501 1907; x_wconf 90' lang='lat' dir='ltr'><strong>no·</strong></span> 
     </span>
     <span class='ocr_line' id='line_1_7' title="bbox 369 1945 1498 2038; baseline -0.004 -20"><span class='ocrx_word' id='word_1_49' title='bbox 369 1952 429 2018; x_wconf 89' lang='lat' dir='ltr'><strong>stri</strong></span> <span class='ocrx_word' id='word_1_50' title='bbox 445 1951 479 2020; x_wconf 85' lang='lat' dir='ltr'><strong>S.</strong></span> <span class='ocrx_word' id='word_1_51' title='bbox 495 1953 658 2038; x_wconf 76' lang='lat' dir='ltr'><strong>Episcopi</strong></span> <span class='ocrx_word' id='word_1_52' title='bbox 671 1951 864 2037; x_wconf 88' lang='lat' dir='ltr'><strong>Prenestini,</strong></span> <span class='ocrx_word' id='word_1_53' title='bbox 890 1953 985 2019; x_wconf 90' lang='lat' dir='ltr'><strong>nobis</strong></span> <span class='ocrx_word' id='word_1_54' title='bbox 1011 1951 1164 2020; x_wconf 78' lang='lat' dir='ltr'><strong>exhibita</strong></span> <span class='ocrx_word' id='word_1_55' title='bbox 1185 1947 1387 2033; x_wconf 63' lang='lat' dir='ltr'><strong>continebat</strong></span> <span class='ocrx_word' id='word_1_56' title='bbox 1406 1945 1498 2030; x_wconf 86' lang='lat' dir='ltr'><strong>quod</strong></span> 
     </span>
    </p>
   </div>
   <div class='ocr_carea' id='block_1_3' title="bbox 366 2057 1502 3006">
    <p class='ocr_par' dir='ltr' id='par_1_3' title="bbox 366 2057 1502 3006">
     <span class='ocr_line' id='line_1_8' title="bbox 368 2057 1500 2144; baseline -0.002 -20"><span class='ocrx_word' id='word_1_57' title='bbox 368 2077 442 2124; x_wconf 92' lang='lat' dir='ltr'><strong>cum</strong></span> <span class='ocrx_word' id='word_1_58' title='bbox 458 2078 518 2126; x_wconf 94' lang='lat' dir='ltr'><strong>nos</strong></span> <span class='ocrx_word' id='word_1_59' title='bbox 535 2058 642 2127; x_wconf 88' lang='lat' dir='ltr'><strong>eidem</strong></span> <span class='ocrx_word' id='word_1_60' title='bbox 658 2057 824 2144; x_wconf 76' lang='lat' dir='ltr'><strong>Episcopo</strong></span> <span class='ocrx_word' id='word_1_61' title='bbox 839 2064 901 2125; x_wconf 90' lang='lat' dir='ltr'><strong>etc.</strong></span> <span class='ocrx_word' id='word_1_62' title='bbox 927 2058 1089 2137; x_wconf 74' lang='lat' dir='ltr'><strong>Quocirca</strong></span> <span class='ocrx_word' id='word_1_63' title='bbox 1105 2058 1311 2140; x_wconf 80' lang='lat' dir='ltr'><strong>mandamus,</strong></span> <span class='ocrx_word' id='word_1_64' title='bbox 1329 2061 1500 2140; x_wconf 85' lang='lat' dir='ltr'><strong>quatenus</strong></span> 
     </span>
     <span class='ocr_line' id='line_1_9' title="bbox 367 2165 1501 2254; baseline -0.001 -21"><span class='ocrx_word' id='word_1_65' title='bbox 367 2165 490 2234; x_wconf 92' lang='lat' dir='ltr'><strong>dictum</strong></span> <span class='ocrx_word' id='word_1_66' title='bbox 505 2167 676 2234; x_wconf 85' lang='lat' dir='ltr'><strong>Eventium</strong></span> <span class='ocrx_word' id='word_1_67' title='bbox 691 2169 745 2236; x_wconf 84' lang='lat' dir='ltr'><strong>rel</strong></span> <span class='ocrx_word' id='word_1_68' title='bbox 761 2173 1004 2254; x_wconf 86' lang='lat' dir='ltr'><strong>procuratorem</strong></span> <span class='ocrx_word' id='word_1_69' title='bbox 1020 2187 1114 2236; x_wconf 89' lang='lat' dir='ltr'><strong>suum</strong></span> <span class='ocrx_word' id='word_1_70' title='bbox 1131 2167 1204 2235; x_wconf 92' lang='lat' dir='ltr'><strong>eius</strong></span> <span class='ocrx_word' id='word_1_71' title='bbox 1219 2165 1353 2232; x_wconf 89' lang='lat' dir='ltr'><strong>nomine</strong></span> <span class='ocrx_word' id='word_1_72' title='bbox 1371 2165 1406 2230; x_wconf 90' lang='lat' dir='ltr'><strong>in</strong></span> <span class='ocrx_word' id='word_1_73' title='bbox 1423 2183 1501 2251; x_wconf 92' lang='lat' dir='ltr'><strong>pos·</strong></span> 
     </span>
     <span class='ocr_line' id='line_1_10' title="bbox 368 2273 1500 2362; baseline -0.003 -20"><span class='ocrx_word' id='word_1_74' title='bbox 368 2275 549 2342; x_wconf 80' lang='lat' dir='ltr'><strong>sessionem</strong></span> <span class='ocrx_word' id='word_1_75' title='bbox 564 2275 788 2361; x_wconf 68' lang='lat' dir='ltr'><strong>canonicatus,</strong></span> <span class='ocrx_word' id='word_1_76' title='bbox 803 2275 983 2362; x_wconf 84' lang='lat' dir='ltr'><strong>prebende,</strong></span> <span class='ocrx_word' id='word_1_77' title='bbox 1010 2275 1190 2362; x_wconf 92' lang='lat' dir='ltr'><strong>domorum,</strong></span> <span class='ocrx_word' id='word_1_78' title='bbox 1206 2275 1326 2341; x_wconf 79' lang='lat' dir='ltr'><strong>iunium</strong></span> <span class='ocrx_word' id='word_1_79' title='bbox 1343 2279 1378 2340; x_wconf 88' lang='lat' dir='ltr'><strong>et</strong></span> <span class='ocrx_word' id='word_1_80' title='bbox 1393 2273 1500 2358; x_wconf 86' lang='lat' dir='ltr'><strong>perti-</strong></span> 
     </span>
     <span class='ocr_line' id='line_1_11' title="bbox 369 2380 1502 2473; baseline -0.002 -25"><span class='ocrx_word' id='word_1_81' title='bbox 369 2383 554 2452; x_wconf 89' lang='lat' dir='ltr'><strong>nentiarum</strong></span> <span class='ocrx_word' id='word_1_82' title='bbox 571 2385 729 2473; x_wconf 88' lang='lat' dir='ltr'><strong>ipsorum,</strong></span> <span class='ocrx_word' id='word_1_83' title='bbox 744 2389 854 2454; x_wconf 80' lang='lat' dir='ltr'><strong>emoto</strong></span> <span class='ocrx_word' id='word_1_84' title='bbox 871 2383 989 2454; x_wconf 86' lang='lat' dir='ltr'><strong>exinde</strong></span> <span class='ocrx_word' id='word_1_85' title='bbox 1005 2387 1153 2469; x_wconf 87' lang='lat' dir='ltr'><strong>quolibet</strong></span> <span class='ocrx_word' id='word_1_86' title='bbox 1167 2383 1350 2470; x_wconf 84' lang='lat' dir='ltr'><strong>detentore,</strong></span> <span class='ocrx_word' id='word_1_87' title='bbox 1366 2401 1429 2452; x_wconf 83' lang='lat' dir='ltr'><strong>vos</strong></span> <span class='ocrx_word' id='word_1_88' title='bbox 1446 2380 1502 2451; x_wconf 79' lang='lat' dir='ltr'><strong>vel</strong></span> 
     </span>
     <span class='ocr_line' id='line_1_12' title="bbox 368 2489 1502 2580; baseline -0.003 -22"><span class='ocrx_word' id='word_1_89' title='bbox 368 2489 453 2560; x_wconf 80' lang='lat' dir='ltr'><strong>ulter</strong></span> <span class='ocrx_word' id='word_1_90' title='bbox 467 2499 610 2561; x_wconf 86' lang='lat' dir='ltr'><strong>vestrum</strong></span> <span class='ocrx_word' id='word_1_91' title='bbox 636 2514 695 2580; x_wconf 91' lang='lat' dir='ltr'><strong>per</strong></span> <span class='ocrx_word' id='word_1_92' title='bbox 719 2514 790 2576; x_wconf 84' lang='lat' dir='ltr'><strong>vos,</strong></span> <span class='ocrx_word' id='word_1_93' title='bbox 817 2495 871 2562; x_wconf 84' lang='lat' dir='ltr'><strong>vel</strong></span> <span class='ocrx_word' id='word_1_94' title='bbox 896 2513 954 2580; x_wconf 90' lang='lat' dir='ltr'><strong>per</strong></span> <span class='ocrx_word' id='word_1_95' title='bbox 980 2495 1083 2562; x_wconf 84' lang='lat' dir='ltr'><strong>abum</strong></span> <span class='ocrx_word' id='word_1_96' title='bbox 1110 2493 1283 2578; x_wconf 82' lang='lat' dir='ltr'><strong>antelios,</strong></span> <span class='ocrx_word' id='word_1_97' title='bbox 1300 2489 1502 2558; x_wconf 73' lang='lat' dir='ltr'><strong>auctoritate</strong></span> 
     </span>
     <span class='ocr_line' id='line_1_13' title="bbox 366 2595 1499 2680; baseline -0.002 -15"><span class='ocrx_word' id='word_1_98' title='bbox 366 2606 481 2667; x_wconf 86' lang='lat' dir='ltr'><strong>nostra</strong></span> <span class='ocrx_word' id='word_1_99' title='bbox 496 2599 660 2669; x_wconf 83' lang='lat' dir='ltr'><strong>inducatis</strong></span> <span class='ocrx_word' id='word_1_100' title='bbox 685 2609 719 2670; x_wconf 89' lang='lat' dir='ltr'><strong>et</strong></span> <span class='ocrx_word' id='word_1_101' title='bbox 742 2601 930 2670; x_wconf 82' lang='lat' dir='ltr'><strong>defendatis</strong></span> <span class='ocrx_word' id='word_1_102' title='bbox 956 2603 1143 2680; x_wconf 90' lang='lat' dir='ltr'><strong>inductum,</strong></span> <span class='ocrx_word' id='word_1_103' title='bbox 1167 2601 1331 2669; x_wconf 77' lang='lat' dir='ltr'><strong>facientes</strong></span> <span class='ocrx_word' id='word_1_104' title='bbox 1358 2617 1435 2664; x_wconf 90' lang='lat' dir='ltr'><strong>eum</strong></span> <span class='ocrx_word' id='word_1_105' title='bbox 1462 2595 1499 2664; x_wconf 93' lang='lat' dir='ltr'><strong>in</strong></span> 
     </span>
     <span class='ocr_line' id='line_1_14' title="bbox 366 2703 1501 2796; baseline 0.003 -27"><span class='ocrx_word' id='word_1_106' title='bbox 366 2703 457 2774; x_wconf 87' lang='lat' dir='ltr'><strong>dicta</strong></span> <span class='ocrx_word' id='word_1_107' title='bbox 476 2707 629 2775; x_wconf 73' lang='lat' dir='ltr'><strong>Ecclesia</strong></span> <span class='ocrx_word' id='word_1_108' title='bbox 643 2708 678 2773; x_wconf 93' lang='lat' dir='ltr'><strong>in</strong></span> <span class='ocrx_word' id='word_1_109' title='bbox 704 2709 899 2776; x_wconf 79' lang='lat' dir='ltr'><strong>canonicum</strong></span> <span class='ocrx_word' id='word_1_110' title='bbox 923 2709 1026 2796; x_wconf 80' lang='lat' dir='ltr'><strong>recipi</strong></span> <span class='ocrx_word' id='word_1_111' title='bbox 1051 2717 1084 2776; x_wconf 91' lang='lat' dir='ltr'><strong>et</strong></span> <span class='ocrx_word' id='word_1_112' title='bbox 1100 2709 1133 2775; x_wconf 90' lang='lat' dir='ltr'><strong>in</strong></span> <span class='ocrx_word' id='word_1_113' title='bbox 1150 2708 1296 2791; x_wconf 81' lang='lat' dir='ltr'><strong>fratrem,</strong></span> <span class='ocrx_word' id='word_1_114' title='bbox 1314 2707 1379 2774; x_wconf 91' lang='lat' dir='ltr'><strong>sibi</strong></span> <span class='ocrx_word' id='word_1_115' title='bbox 1396 2705 1501 2773; x_wconf 81' lang='lat' dir='ltr'><strong>stallo</strong></span> 
     </span>
     <span class='ocr_line' id='line_1_15' title="bbox 366 2811 1501 2903; baseline 0.002 -27"><span class='ocrx_word' id='word_1_116' title='bbox 366 2812 402 2877; x_wconf 91' lang='lat' dir='ltr'><strong>iu</strong></span> <span class='ocrx_word' id='word_1_117' title='bbox 418 2811 516 2880; x_wconf 89' lang='lat' dir='ltr'><strong>ebore</strong></span> <span class='ocrx_word' id='word_1_118' title='bbox 533 2822 566 2882; x_wconf 94' lang='lat' dir='ltr'><strong>et</strong></span> <span class='ocrx_word' id='word_1_119' title='bbox 581 2818 654 2884; x_wconf 85' lang='lat' dir='ltr'><strong>loco</strong></span> <span class='ocrx_word' id='word_1_120' title='bbox 680 2815 715 2882; x_wconf 90' lang='lat' dir='ltr'><strong>in</strong></span> <span class='ocrx_word' id='word_1_121' title='bbox 740 2817 886 2903; x_wconf 91' lang='lat' dir='ltr'><strong>capitulo</strong></span> <span class='ocrx_word' id='word_1_122' title='bbox 912 2836 985 2884; x_wconf 91' lang='lat' dir='ltr'><strong>cum</strong></span> <span class='ocrx_word' id='word_1_123' title='bbox 1011 2816 1216 2903; x_wconf 86' lang='lat' dir='ltr'><strong>plenitudine</strong></span> <span class='ocrx_word' id='word_1_124' title='bbox 1240 2816 1324 2884; x_wconf 86' lang='lat' dir='ltr'><strong>iuris</strong></span> <span class='ocrx_word' id='word_1_125' title='bbox 1343 2813 1501 2884; x_wconf 85' lang='lat' dir='ltr'><strong>canonici</strong></span> 
     </span>
     <span class='ocr_line' id='line_1_16' title="bbox 366 2919 1497 3006; baseline 0.002 -22"><span class='ocrx_word' id='word_1_126' title='bbox 366 2919 569 3006; x_wconf 79' lang='lat' dir='ltr'><strong>assignatis3</strong></span> <span class='ocrx_word' id='word_1_127' title='bbox 594 2941 660 2990; x_wconf 90' lang='lat' dir='ltr'><strong>nou</strong></span> <span class='ocrx_word' id='word_1_128' title='bbox 685 2924 839 2992; x_wconf 84' lang='lat' dir='ltr'><strong>obstante</strong></span> <span class='ocrx_word' id='word_1_129' title='bbox 864 2930 986 2992; x_wconf 85' lang='lat' dir='ltr'><strong>statuto</strong></span> <span class='ocrx_word' id='word_1_130' title='bbox 1011 2925 1052 2992; x_wconf 86' lang='lat' dir='ltr'><strong>de</strong></span> <span class='ocrx_word' id='word_1_131' title='bbox 1073 2931 1165 2992; x_wconf 89' lang='lat' dir='ltr'><strong>certo</strong></span> <span class='ocrx_word' id='word_1_132' title='bbox 1181 2926 1418 2993; x_wconf 85' lang='lat' dir='ltr'><strong>canonicorum</strong></span> <span class='ocrx_word' id='word_1_133' title='bbox 1435 2940 1497 2988; x_wconf 93' lang='lat' dir='ltr'><strong>nu·</strong></span> 
     </span>
    </p>
   </div>
   <div class='ocr_carea' id='block_1_4' title="bbox 366 3025 1624 3119">
    <p class='ocr_par' dir='ltr' id='par_1_4' title="bbox 366 3025 1624 3119">
     <span class='ocr_line' id='line_1_17' title="bbox 366 3025 1624 3119; baseline 0.005 -29"><span class='ocrx_word' id='word_1_134' title='bbox 366 3043 457 3092; x_wconf 93' lang='lat' dir='ltr'><strong>mero</strong></span> <span class='ocrx_word' id='word_1_135' title='bbox 472 3025 657 3097; x_wconf 72' lang='lat' dir='ltr'><strong>iuramento</strong></span> <span class='ocrx_word' id='word_1_136' title='bbox 672 3031 725 3098; x_wconf 87' lang='lat' dir='ltr'><strong>vel</strong></span> <span class='ocrx_word' id='word_1_137' title='bbox 736 3029 985 3102; x_wconf 86' lang='lat' dir='ltr'><strong>confirmatione</strong></span> <span class='ocrx_word' id='word_1_138' title='bbox 999 3025 1193 3119; x_wconf 79' lang='lat' dir='ltr'><strong>Apostolica</strong></span> <span class='ocrx_word' id='word_1_139' title='bbox 1208 3051 1269 3099; x_wconf 89' lang='lat' dir='ltr'><strong>seu</strong></span> <span class='ocrx_word' id='word_1_140' title='bbox 1285 3047 1501 3114; x_wconf 87' lang='lat' dir='ltr'><strong>quacumque</strong></span> <span class='ocrx_word' id='word_1_141' title='bbox 1623 3071 1624 3074; x_wconf 58' lang='lat'><em>=</em></span> 
     </span>
    </p>
   </div>
   <div class='ocr_carea' id='block_1_5' title="bbox 360 3129 1588 4729">
    <p class='ocr_par' dir='ltr' id='par_1_5' title="bbox 360 3129 1588 4729">
     <span class='ocr_line' id='line_1_18' title="bbox 366 3129 1499 3224; baseline 0.008 -29"><span class='ocrx_word' id='word_1_142' title='bbox 366 3129 524 3200; x_wconf 79' lang='lat' dir='ltr'><strong>firmitate</strong></span> <span class='ocrx_word' id='word_1_143' title='bbox 538 3136 675 3223; x_wconf 86' lang='lat' dir='ltr'><strong>vallato,</strong></span> <span class='ocrx_word' id='word_1_144' title='bbox 692 3145 749 3204; x_wconf 87' lang='lat' dir='ltr'><strong>aut</strong></span> <span class='ocrx_word' id='word_1_145' title='bbox 763 3141 793 3207; x_wconf 91' lang='lat' dir='ltr'><strong>si</strong></span> <span class='ocrx_word' id='word_1_146' title='bbox 808 3159 867 3224; x_wconf 93' lang='lat' dir='ltr'><strong>pro</strong></span> <span class='ocrx_word' id='word_1_147' title='bbox 884 3140 960 3208; x_wconf 87' lang='lat' dir='ltr'><strong>aliis</strong></span> <span class='ocrx_word' id='word_1_148' title='bbox 976 3141 1011 3208; x_wconf 94' lang='lat' dir='ltr'><strong>in</strong></span> <span class='ocrx_word' id='word_1_149' title='bbox 1027 3139 1117 3208; x_wconf 86' lang='lat' dir='ltr'><strong>diota</strong></span> <span class='ocrx_word' id='word_1_150' title='bbox 1131 3137 1285 3207; x_wconf 79' lang='lat' dir='ltr'><strong>Ecclesia</strong></span> <span class='ocrx_word' id='word_1_151' title='bbox 1311 3135 1499 3207; x_wconf 77' lang='lat' dir='ltr'><strong>direximus</strong></span> 
     </span>
     <span class='ocr_line' id='line_1_19' title="bbox 365 3239 1588 3334; baseline 0.006 -30"><span class='ocrx_word' id='word_1_152' title='bbox 365 3239 490 3325; x_wconf 85' lang='lat' dir='ltr'><strong>scripta</strong></span> <span class='ocrx_word' id='word_1_153' title='bbox 505 3247 628 3327; x_wconf 75' lang='lat' dir='ltr'><strong>nosba,</strong></span> <span class='ocrx_word' id='word_1_154' title='bbox 645 3245 698 3310; x_wconf 87' lang='lat' dir='ltr'><strong>vel</strong></span> <span class='ocrx_word' id='word_1_155' title='bbox 713 3247 743 3313; x_wconf 91' lang='lat' dir='ltr'><strong>si</strong></span> <span class='ocrx_word' id='word_1_156' title='bbox 753 3245 851 3316; x_wconf 89' lang='lat' dir='ltr'><strong>Sedis</strong></span> <span class='ocrx_word' id='word_1_157' title='bbox 863 3247 1064 3334; x_wconf 76' lang='lat' dir='ltr'><strong>Apostolice,</strong></span> <span class='ocrx_word' id='word_1_158' title='bbox 1080 3251 1134 3316; x_wconf 85' lang='lat' dir='ltr'><strong>vel</strong></span> <span class='ocrx_word' id='word_1_159' title='bbox 1149 3251 1333 3332; x_wconf 78' lang='lat' dir='ltr'><strong>legatorum</strong></span> <span class='ocrx_word' id='word_1_160' title='bbox 1348 3249 1419 3315; x_wconf 85' lang='lat' dir='ltr'><strong>eius</strong></span> <span class='ocrx_word' id='word_1_161' title='bbox 1437 3251 1499 3312; x_wconf 80' lang='lat' dir='ltr'><strong>aut</strong></span> <span class='ocrx_word' id='word_1_162' title='bbox 1581 3241 1588 3252; x_wconf 81' lang='grc'><strong>“</strong></span> 
     </span>
     <span class='ocr_line' id='line_1_20' title="bbox 365 3351 1501 3440; baseline 0.007 -28"><span class='ocrx_word' id='word_1_163' title='bbox 365 3362 559 3431; x_wconf 86' lang='lat' dir='ltr'><strong>quacunque</strong></span> <span class='ocrx_word' id='word_1_164' title='bbox 591 3351 787 3419; x_wconf 82' lang='lat' dir='ltr'><strong>auctoritate</strong></span> <span class='ocrx_word' id='word_1_165' title='bbox 816 3353 851 3420; x_wconf 93' lang='lat' dir='ltr'><strong>in</strong></span> <span class='ocrx_word' id='word_1_166' title='bbox 882 3371 924 3421; x_wconf 84' lang='lat' dir='ltr'><strong>ea</strong></span> <span class='ocrx_word' id='word_1_167' title='bbox 954 3355 988 3420; x_wconf 91' lang='lat' dir='ltr'><strong>in</strong></span> <span class='ocrx_word' id='word_1_168' title='bbox 1021 3355 1198 3423; x_wconf 87' lang='lat' dir='ltr'><strong>canonicos</strong></span> <span class='ocrx_word' id='word_1_169' title='bbox 1223 3355 1328 3440; x_wconf 82' lang='lat' dir='ltr'><strong>sliqui</strong></span> <span class='ocrx_word' id='word_1_170' title='bbox 1354 3353 1422 3421; x_wconf 90' lang='lat' dir='ltr'><strong>siut</strong></span> <span class='ocrx_word' id='word_1_171' title='bbox 1448 3371 1501 3420; x_wconf 88' lang='lat' dir='ltr'><strong>re·</strong></span> 
     </span>
     <span class='ocr_line' id='line_1_21' title="bbox 365 3454 1497 3549; baseline 0.008 -31"><span class='ocrx_word' id='word_1_172' title='bbox 365 3454 461 3538; x_wconf 87' lang='lat' dir='ltr'><strong>cepti,</strong></span> <span class='ocrx_word' id='word_1_173' title='bbox 477 3457 532 3524; x_wconf 84' lang='lat' dir='ltr'><strong>vel</strong></span> <span class='ocrx_word' id='word_1_174' title='bbox 547 3464 584 3524; x_wconf 93' lang='lat' dir='ltr'><strong>ut</strong></span> <span class='ocrx_word' id='word_1_175' title='bbox 597 3455 808 3543; x_wconf 82' lang='lat' dir='ltr'><strong>recipientur,</strong></span> <span class='ocrx_word' id='word_1_176' title='bbox 825 3459 989 3545; x_wconf 79' lang='lat' dir='ltr'><strong>insistant,</strong></span> <span class='ocrx_word' id='word_1_177' title='bbox 1006 3461 1125 3544; x_wconf 88' lang='lat' dir='ltr'><strong>quibus</strong></span> <span class='ocrx_word' id='word_1_178' title='bbox 1141 3469 1274 3549; x_wconf 89' lang='lat' dir='ltr'><strong>propter</strong></span> <span class='ocrx_word' id='word_1_179' title='bbox 1289 3463 1354 3530; x_wconf 90' lang='lat' dir='ltr'><strong>boc</strong></span> <span class='ocrx_word' id='word_1_180' title='bbox 1371 3459 1497 3545; x_wconf 87' lang='lat' dir='ltr'><strong>quoad</strong></span> 
     </span>
     <span class='ocr_line' id='line_1_22' title="bbox 364 3561 1501 3654; baseline 0.007 -27"><span class='ocrx_word' id='word_1_181' title='bbox 364 3561 608 3632; x_wconf 77' lang='lat' dir='ltr'><strong>assecutionem</strong></span> <span class='ocrx_word' id='word_1_182' title='bbox 632 3565 772 3631; x_wconf 80' lang='lat' dir='ltr'><strong>aliorum</strong></span> <span class='ocrx_word' id='word_1_183' title='bbox 796 3565 1036 3654; x_wconf 87' lang='lat' dir='ltr'><strong>beneficiorum,</strong></span> <span class='ocrx_word' id='word_1_184' title='bbox 1062 3579 1299 3653; x_wconf 68' lang='lat' dir='ltr'><strong>personatuum</strong></span> <span class='ocrx_word' id='word_1_185' title='bbox 1314 3571 1370 3637; x_wconf 87' lang='lat' dir='ltr'><strong>vel</strong></span> <span class='ocrx_word' id='word_1_186' title='bbox 1388 3568 1501 3653; x_wconf 79' lang='lat' dir='ltr'><strong>digni·</strong></span> 
     </span>
     <span class='ocr_line' id='line_1_23' title="bbox 363 3670 1496 3763; baseline 0.008 -31"><span class='ocrx_word' id='word_1_187' title='bbox 363 3671 468 3734; x_wconf 85' lang='lat' dir='ltr'><strong>tatum</strong></span> <span class='ocrx_word' id='word_1_188' title='bbox 494 3687 554 3736; x_wconf 89' lang='lat' dir='ltr'><strong>seu</strong></span> <span class='ocrx_word' id='word_1_189' title='bbox 578 3670 817 3756; x_wconf 73' lang='lat' dir='ltr'><strong>prebendarum</strong></span> <span class='ocrx_word' id='word_1_190' title='bbox 840 3673 990 3744; x_wconf 88' lang='lat' dir='ltr'><strong>nolumus</strong></span> <span class='ocrx_word' id='word_1_191' title='bbox 1016 3676 1234 3761; x_wconf 87' lang='lat' dir='ltr'><strong>preludicium</strong></span> <span class='ocrx_word' id='word_1_192' title='bbox 1250 3676 1421 3763; x_wconf 80' lang='lat' dir='ltr'><strong>geneturi,</strong></span> <span class='ocrx_word' id='word_1_193' title='bbox 1436 3675 1496 3746; x_wconf 82' lang='lat' dir='ltr'><strong>rel</strong></span> 
     </span>
     <span class='ocr_line' id='line_1_24' title="bbox 366 3771 1498 3869; baseline 0.01 -32"><span class='ocrx_word' id='word_1_194' title='bbox 366 3771 395 3838; x_wconf 92' lang='lat' dir='ltr'><strong>si</strong></span> <span class='ocrx_word' id='word_1_195' title='bbox 412 3775 577 3857; x_wconf 81' lang='lat' dir='ltr'><strong>aliquibus</strong></span> <span class='ocrx_word' id='word_1_196' title='bbox 588 3796 609 3843; x_wconf 93' lang='lat' dir='ltr'><strong>a</strong></span> <span class='ocrx_word' id='word_1_197' title='bbox 619 3777 704 3845; x_wconf 84' lang='lat' dir='ltr'><strong>Sede</strong></span> <span class='ocrx_word' id='word_1_198' title='bbox 713 3779 906 3865; x_wconf 86' lang='lat' dir='ltr'><strong>Apostoliea</strong></span> <span class='ocrx_word' id='word_1_199' title='bbox 920 3783 965 3848; x_wconf 90' lang='lat' dir='ltr'><strong>sit</strong></span> <span class='ocrx_word' id='word_1_200' title='bbox 980 3781 1155 3869; x_wconf 91' lang='lat' dir='ltr'><strong>indultum,</strong></span> <span class='ocrx_word' id='word_1_201' title='bbox 1170 3783 1260 3867; x_wconf 88' lang='lat' dir='ltr'><strong>quod</strong></span> <span class='ocrx_word' id='word_1_202' title='bbox 1275 3782 1320 3852; x_wconf 84' lang='lat' dir='ltr'><strong>ad</strong></span> <span class='ocrx_word' id='word_1_203' title='bbox 1330 3784 1498 3868; x_wconf 87' lang='lat' dir='ltr'><strong>receptio·</strong></span> 
     </span>
     <span class='ocr_line' id='line_1_25' title="bbox 364 3881 1498 3975; baseline 0.011 -32"><span class='ocrx_word' id='word_1_204' title='bbox 364 3897 440 3944; x_wconf 88' lang='lat' dir='ltr'><strong>nem</strong></span> <span class='ocrx_word' id='word_1_205' title='bbox 455 3881 509 3948; x_wconf 86' lang='lat' dir='ltr'><strong>vel</strong></span> <span class='ocrx_word' id='word_1_206' title='bbox 526 3883 747 3967; x_wconf 85' lang='lat' dir='ltr'><strong>provisionem</strong></span> <span class='ocrx_word' id='word_1_207' title='bbox 762 3887 903 3956; x_wconf 86' lang='lat' dir='ltr'><strong>alieuius</strong></span> <span class='ocrx_word' id='word_1_208' title='bbox 919 3889 1051 3957; x_wconf 90' lang='lat' dir='ltr'><strong>minime</strong></span> <span class='ocrx_word' id='word_1_209' title='bbox 1068 3897 1254 3975; x_wconf 86' lang='lat' dir='ltr'><strong>teneantur,</strong></span> <span class='ocrx_word' id='word_1_210' title='bbox 1272 3891 1432 3975; x_wconf 89' lang='lat' dir='ltr'><strong>quodque</strong></span> <span class='ocrx_word' id='word_1_211' title='bbox 1449 3889 1498 3957; x_wconf 82' lang='lat' dir='ltr'><strong>ad</strong></span> 
     </span>
     <span class='ocr_line' id='line_1_26' title="bbox 362 3985 1500 4082; baseline 0.011 -31"><span class='ocrx_word' id='word_1_212' title='bbox 362 3985 398 4052; x_wconf 91' lang='lat' dir='ltr'><strong>id</strong></span> <span class='ocrx_word' id='word_1_213' title='bbox 425 3990 577 4075; x_wconf 86' lang='lat' dir='ltr'><strong>compelli</strong></span> <span class='ocrx_word' id='word_1_214' title='bbox 603 3993 656 4058; x_wconf 87' lang='lat' dir='ltr'><strong>vel</strong></span> <span class='ocrx_word' id='word_1_215' title='bbox 681 3992 836 4061; x_wconf 86' lang='lat' dir='ltr'><strong>interdici</strong></span> <span class='ocrx_word' id='word_1_216' title='bbox 860 4003 919 4062; x_wconf 85' lang='lat' dir='ltr'><strong>aut</strong></span> <span class='ocrx_word' id='word_1_217' title='bbox 943 3997 1102 4082; x_wconf 90' lang='lat' dir='ltr'><strong>suspendi</strong></span> <span class='ocrx_word' id='word_1_218' title='bbox 1127 4017 1187 4066; x_wconf 88' lang='lat' dir='ltr'><strong>seu</strong></span> <span class='ocrx_word' id='word_1_219' title='bbox 1211 3997 1500 4066; x_wconf 73' lang='lat' dir='ltr'><strong>excommunicari</strong></span> 
     </span>
     <span class='ocr_line' id='line_1_27' title="bbox 365 4087 1497 4190; baseline 0.014 -34"><span class='ocrx_word' id='word_1_220' title='bbox 365 4097 583 4181; x_wconf 87' lang='lat' dir='ltr'><strong>nonpossint,</strong></span> <span class='ocrx_word' id='word_1_221' title='bbox 601 4107 635 4167; x_wconf 90' lang='lat' dir='ltr'><strong>et</strong></span> <span class='ocrx_word' id='word_1_222' title='bbox 652 4101 740 4184; x_wconf 92' lang='lat' dir='ltr'><strong>quod</strong></span> <span class='ocrx_word' id='word_1_223' title='bbox 756 4087 802 4168; x_wconf 70' lang='lat' dir='ltr'><strong>de&#39;</strong></span> <span class='ocrx_word' id='word_1_224' title='bbox 812 4101 993 4188; x_wconf 87' lang='lat' dir='ltr'><strong>benefieiis,</strong></span> <span class='ocrx_word' id='word_1_225' title='bbox 1020 4103 1257 4189; x_wconf 88' lang='lat' dir='ltr'><strong>personatibus</strong></span> <span class='ocrx_word' id='word_1_226' title='bbox 1273 4105 1331 4174; x_wconf 82' lang='lat' dir='ltr'><strong>vel</strong></span> <span class='ocrx_word' id='word_1_227' title='bbox 1348 4105 1497 4190; x_wconf 77' lang='lat' dir='ltr'><strong>dignita·</strong></span> 
     </span>
     <span class='ocr_line' id='line_1_28' title="bbox 362 4197 1498 4298; baseline 0.013 -36"><span class='ocrx_word' id='word_1_228' title='bbox 362 4197 451 4267; x_wconf 91' lang='lat' dir='ltr'><strong>tibus</strong></span> <span class='ocrx_word' id='word_1_229' title='bbox 467 4216 525 4267; x_wconf 88' lang='lat' dir='ltr'><strong>seu</strong></span> <span class='ocrx_word' id='word_1_230' title='bbox 540 4203 718 4288; x_wconf 87' lang='lat' dir='ltr'><strong>prebendis</strong></span> <span class='ocrx_word' id='word_1_231' title='bbox 728 4207 772 4274; x_wconf 96' lang='lat' dir='ltr'><strong>ad</strong></span> <span class='ocrx_word' id='word_1_232' title='bbox 783 4206 991 4276; x_wconf 84' lang='lat' dir='ltr'><strong>collationem</strong></span> <span class='ocrx_word' id='word_1_233' title='bbox 1000 4211 1149 4296; x_wconf 91' lang='lat' dir='ltr'><strong>ipsorum</strong></span> <span class='ocrx_word' id='word_1_234' title='bbox 1164 4212 1399 4298; x_wconf 87' lang='lat' dir='ltr'><strong>spectantibus</strong></span> <span class='ocrx_word' id='word_1_235' title='bbox 1409 4211 1498 4278; x_wconf 92' lang='lat' dir='ltr'><strong>nulli</strong></span> 
     </span>
     <span class='ocr_line' id='line_1_29' title="bbox 361 4306 1497 4408; baseline 0.017 -39"><span class='ocrx_word' id='word_1_236' title='bbox 361 4306 476 4374; x_wconf 78' lang='lat' dir='ltr'><strong>valeat</strong></span> <span class='ocrx_word' id='word_1_237' title='bbox 489 4313 656 4395; x_wconf 83' lang='lat' dir='ltr'><strong>provideri</strong></span> <span class='ocrx_word' id='word_1_238' title='bbox 671 4334 731 4400; x_wconf 89' lang='lat' dir='ltr'><strong>per</strong></span> <span class='ocrx_word' id='word_1_239' title='bbox 747 4315 850 4402; x_wconf 89' lang='lat' dir='ltr'><strong>ipsius</strong></span> <span class='ocrx_word' id='word_1_240' title='bbox 868 4316 958 4384; x_wconf 88' lang='lat' dir='ltr'><strong>sedis</strong></span> <span class='ocrx_word' id='word_1_241' title='bbox 983 4318 1123 4406; x_wconf 88' lang='lat' dir='ltr'><strong>litteras,</strong></span> <span class='ocrx_word' id='word_1_242' title='bbox 1148 4340 1215 4388; x_wconf 91' lang='lat' dir='ltr'><strong>non</strong></span> <span class='ocrx_word' id='word_1_243' title='bbox 1239 4321 1406 4389; x_wconf 80' lang='lat' dir='ltr'><strong>iacientes</strong></span> <span class='ocrx_word' id='word_1_244' title='bbox 1423 4322 1497 4408; x_wconf 89' lang='lat' dir='ltr'><strong>ple·</strong></span> 
     </span>
     <span class='ocr_line' id='line_1_30' title="bbox 361 4421 1498 4515; baseline 0.018 -40"><span class='ocrx_word' id='word_1_245' title='bbox 361 4431 438 4478; x_wconf 89' lang='lat' dir='ltr'><strong>nam</strong></span> <span class='ocrx_word' id='word_1_246' title='bbox 454 4421 487 4481; x_wconf 90' lang='lat' dir='ltr'><strong>et</strong></span> <span class='ocrx_word' id='word_1_247' title='bbox 501 4436 693 4506; x_wconf 84' lang='lat' dir='ltr'><strong>expressam</strong></span> <span class='ocrx_word' id='word_1_248' title='bbox 709 4424 750 4491; x_wconf 87' lang='lat' dir='ltr'><strong>de</strong></span> <span class='ocrx_word' id='word_1_249' title='bbox 766 4422 894 4491; x_wconf 90' lang='lat' dir='ltr'><strong>indulto</strong></span> <span class='ocrx_word' id='word_1_250' title='bbox 903 4423 1093 4494; x_wconf 88' lang='lat' dir='ltr'><strong>huiusmodi</strong></span> <span class='ocrx_word' id='word_1_251' title='bbox 1104 4429 1317 4515; x_wconf 89' lang='lat' dir='ltr'><strong>mentionem,</strong></span> <span class='ocrx_word' id='word_1_252' title='bbox 1336 4448 1398 4496; x_wconf 92' lang='lat' dir='ltr'><strong>seu</strong></span> <span class='ocrx_word' id='word_1_253' title='bbox 1414 4445 1498 4512; x_wconf 80' lang='lat' dir='ltr'><strong>qua·</strong></span> 
     </span>
     <span class='ocr_line' id='line_1_31' title="bbox 360 4515 1497 4618; baseline 0.021 -39"><span class='ocrx_word' id='word_1_254' title='bbox 360 4515 442 4583; x_wconf 87' lang='lat' dir='ltr'><strong>libet</strong></span> <span class='ocrx_word' id='word_1_255' title='bbox 456 4521 526 4590; x_wconf 86' lang='lat' dir='ltr'><strong>alia</strong></span> <span class='ocrx_word' id='word_1_256' title='bbox 542 4526 750 4612; x_wconf 79' lang='lat' dir='ltr'><strong>indulgentia</strong></span> <span class='ocrx_word' id='word_1_257' title='bbox 773 4529 864 4597; x_wconf 89' lang='lat' dir='ltr'><strong>sedis</strong></span> <span class='ocrx_word' id='word_1_258' title='bbox 889 4528 1056 4615; x_wconf 88' lang='lat' dir='ltr'><strong>eiusdem,</strong></span> <span class='ocrx_word' id='word_1_259' title='bbox 1083 4533 1125 4600; x_wconf 89' lang='lat' dir='ltr'><strong>de</strong></span> <span class='ocrx_word' id='word_1_260' title='bbox 1151 4551 1218 4617; x_wconf 86' lang='lat' dir='ltr'><strong>qua</strong></span> <span class='ocrx_word' id='word_1_261' title='bbox 1243 4537 1406 4618; x_wconf 87' lang='lat' dir='ltr'><strong>cuiusque</strong></span> <span class='ocrx_word' id='word_1_262' title='bbox 1422 4542 1497 4605; x_wconf 90' lang='lat' dir='ltr'><strong>toto</strong></span> 
     </span>
     <span class='ocr_line' id='line_1_32' title="bbox 360 4626 1494 4729; baseline 0.023 -45"><span class='ocrx_word' id='word_1_263' title='bbox 360 4626 473 4690; x_wconf 90' lang='lat' dir='ltr'><strong>tenore</strong></span> <span class='ocrx_word' id='word_1_264' title='bbox 491 4626 531 4693; x_wconf 89' lang='lat' dir='ltr'><strong>de</strong></span> <span class='ocrx_word' id='word_1_265' title='bbox 547 4635 648 4700; x_wconf 82' lang='lat' dir='ltr'><strong>verbo</strong></span> <span class='ocrx_word' id='word_1_266' title='bbox 672 4635 716 4702; x_wconf 89' lang='lat' dir='ltr'><strong>ad</strong></span> <span class='ocrx_word' id='word_1_267' title='bbox 741 4636 878 4718; x_wconf 86' lang='lat' dir='ltr'><strong>verbum</strong></span> <span class='ocrx_word' id='word_1_268' title='bbox 894 4643 1042 4722; x_wconf 78' lang='lat' dir='ltr'><strong>oporteat</strong></span> <span class='ocrx_word' id='word_1_269' title='bbox 1058 4639 1091 4705; x_wconf 91' lang='lat' dir='ltr'><strong>in</strong></span> <span class='ocrx_word' id='word_1_270' title='bbox 1107 4639 1231 4709; x_wconf 89' lang='lat' dir='ltr'><strong>nostris</strong></span> <span class='ocrx_word' id='word_1_271' title='bbox 1248 4638 1402 4729; x_wconf 86' lang='lat' dir='ltr'><strong>(litteris)</strong></span> <span class='ocrx_word' id='word_1_272' title='bbox 1419 4641 1494 4712; x_wconf 85' lang='lat' dir='ltr'><strong>lieri</strong></span> 
     </span>
    </p>
   </div>
   <div class='ocr_carea' id='block_1_6' title="bbox 0 0 1630 5268">
    <p class='ocr_par' dir='ltr' id='par_1_6' title="bbox 0 0 1630 5268">
     <span class='ocr_line' id='line_1_33' title="bbox 0 0 1630 5268; baseline 0 4"><span class='ocrx_word' id='word_1_273' title='bbox 0 0 1630 5268; x_wconf 95' lang='lat' dir='ltr'><strong> </strong></span> 
     </span>
    </p>
   </div>
  </div>
 </body>
</html>
