<?xml version="1.0" encoding="UTF-8"?>
<!DOCTYPE html PUBLIC "-//W3C//DTD XHTML 1.0 Transitional//EN"
    "http://www.w3.org/TR/xhtml1/DTD/xhtml1-transitional.dtd">
<html xmlns="http://www.w3.org/1999/xhtml" xml:lang="en" lang="en">
 <head>
  <title>
</title>
<meta http-equiv="Content-Type" content="text/html;charset=utf-8" />
  <meta name='ocr-system' content='tesseract 3.04.00' />
  <meta name='ocr-capabilities' content='ocr_page ocr_carea ocr_par ocr_line ocrx_word'/>
</head>
<body>
  <div class='ocr_page' id='page_1' title='image "./codexdiplomatic07wenzgoog_0110.png"; bbox 0 0 3250 5268; ppageno 0'>
   <div class='ocr_carea' id='block_1_1' title="bbox 896 307 941 380">
    <p class='ocr_par' dir='ltr' id='par_1_1' title="bbox 896 307 941 380">
     <span class='ocr_line' id='line_1_1' title="bbox 896 307 941 380; baseline 0 0"><span class='ocrx_word' id='word_1_1' title='bbox 896 307 941 380; x_wconf 79' lang='lat' dir='ltr'><strong>st</strong></span> 
     </span>
    </p>
   </div>
   <div class='ocr_carea' id='block_1_2' title="bbox 355 500 1482 810">
    <p class='ocr_par' dir='ltr' id='par_1_2' title="bbox 355 500 1482 810">
     <span class='ocr_line' id='line_1_2' title="bbox 355 500 1481 590; baseline -0.006 -18"><span class='ocrx_word' id='word_1_2' title='bbox 355 505 597 574; x_wconf 90' lang='lat' dir='ltr'><strong>communimus.</strong></span> <span class='ocrx_word' id='word_1_3' title='bbox 613 507 775 575; x_wconf 77' lang='lat' dir='ltr'><strong>l&#39;enorem</strong></span> <span class='ocrx_word' id='word_1_4' title='bbox 791 508 901 578; x_wconf 87' lang='lat' dir='ltr'><strong>autom</strong></span> <span class='ocrx_word' id='word_1_5' title='bbox 918 504 1023 590; x_wconf 88' lang='lat' dir='ltr'><strong>ipsius</strong></span> <span class='ocrx_word' id='word_1_6' title='bbox 1035 503 1243 572; x_wconf 74' lang='lat' dir='ltr'><strong>instrumenti</strong></span> <span class='ocrx_word' id='word_1_7' title='bbox 1259 503 1302 572; x_wconf 79' lang='lat' dir='ltr'><strong>cle</strong></span> <span class='ocrx_word' id='word_1_8' title='bbox 1319 501 1420 569; x_wconf 83' lang='lat' dir='ltr'><strong>verbo</strong></span> <span class='ocrx_word' id='word_1_9' title='bbox 1436 500 1481 566; x_wconf 77' lang='lat' dir='ltr'><strong>all</strong></span> 
     </span>
     <span class='ocr_line' id='line_1_3' title="bbox 356 613 1311 700; baseline -0.004 -20"><span class='ocrx_word' id='word_1_10' title='bbox 356 614 490 682; x_wconf 85' lang='lat' dir='ltr'><strong>verbum</strong></span> <span class='ocrx_word' id='word_1_11' title='bbox 505 615 713 700; x_wconf 69' lang='lat' dir='ltr'><strong>presentibus</strong></span> <span class='ocrx_word' id='word_1_12' title='bbox 729 614 869 682; x_wconf 85' lang='lat' dir='ltr'><strong>iacimus</strong></span> <span class='ocrx_word' id='word_1_13' title='bbox 885 615 1056 698; x_wconf 87' lang='lat' dir='ltr'><strong>annotari;</strong></span> <span class='ocrx_word' id='word_1_14' title='bbox 1074 613 1225 696; x_wconf 88' lang='lat' dir='ltr'><strong>quitatis</strong></span> <span class='ocrx_word' id='word_1_15' title='bbox 1241 618 1311 679; x_wconf 89' lang='lat' dir='ltr'><strong>est:</strong></span> 
     </span>
     <span class='ocr_line' id='line_1_4' title="bbox 462 714 1482 810; baseline -0.01 -20"><span class='ocrx_word' id='word_1_16' title='bbox 462 721 651 810; x_wconf 81' lang='lat' dir='ltr'><strong>Stephanus</strong></span> <span class='ocrx_word' id='word_1_17' title='bbox 666 724 730 791; x_wconf 88' lang='lat' dir='ltr'><strong>stb.</strong></span> <span class='ocrx_word' id='word_1_18' title='bbox 747 718 964 808; x_wconf 79' lang='lat' dir='ltr'><strong>(korstkeaik</strong></span> <span class='ocrx_word' id='word_1_19' title='bbox 973 720 1089 790; x_wconf 75' lang='lat' dir='ltr'><strong>Istrtn</strong></span> <span class='ocrx_word' id='word_1_20' title='bbox 1105 714 1482 804; x_wconf 79' lang='lat' dir='ltr'><strong>bibornokpbspblrnelr</strong></span> 
     </span>
    </p>
   </div>
   <div class='ocr_carea' id='block_1_3' title="bbox 356 827 1483 1025">
    <p class='ocr_par' dir='ltr' id='par_1_3' title="bbox 356 827 1483 1025">
     <span class='ocr_line' id='line_1_5' title="bbox 356 827 964 926; baseline -0.003 -28"><span class='ocrx_word' id='word_1_21' title='bbox 356 829 553 926; x_wconf 84' lang='lat' dir='ltr'><strong>battroaata</strong></span> <span class='ocrx_word' id='word_1_22' title='bbox 568 831 650 900; x_wconf 90' lang='lat' dir='ltr'><strong>mint</strong></span> <span class='ocrx_word' id='word_1_23' title='bbox 665 830 765 901; x_wconf 77' lang='lat' dir='ltr'><strong>altbb</strong></span> <span class='ocrx_word' id='word_1_24' title='bbox 783 833 836 898; x_wconf 79' lang='lat' dir='ltr'><strong>ll.</strong></span> <span class='ocrx_word' id='word_1_25' title='bbox 853 849 900 898; x_wconf 85' lang='lat' dir='ltr'><strong>sa.</strong></span> <span class='ocrx_word' id='word_1_26' title='bbox 915 827 964 917; x_wconf 88' lang='lat' dir='ltr'><strong>a.)</strong></span> 
     </span>
     <span class='ocr_line' id='line_1_6' title="bbox 461 931 1483 1025; baseline -0.007 -20"><span class='ocrx_word' id='word_1_27' title='bbox 461 938 554 1005; x_wconf 88' lang='lat' dir='ltr'><strong>Nulli</strong></span> <span class='ocrx_word' id='word_1_28' title='bbox 569 958 648 1025; x_wconf 88' lang='lat' dir='ltr'><strong>ergo</strong></span> <span class='ocrx_word' id='word_1_29' title='bbox 664 944 776 1007; x_wconf 89' lang='lat' dir='ltr'><strong>nostre</strong></span> <span class='ocrx_word' id='word_1_30' title='bbox 792 937 1046 1006; x_wconf 86' lang='lat' dir='ltr'><strong>confirmationis</strong></span> <span class='ocrx_word' id='word_1_31' title='bbox 1072 942 1134 1006; x_wconf 83' lang='lat' dir='ltr'><strong>etc.</strong></span> <span class='ocrx_word' id='word_1_32' title='bbox 1168 937 1287 1004; x_wconf 86' lang='lat' dir='ltr'><strong>Datum</strong></span> <span class='ocrx_word' id='word_1_33' title='bbox 1313 932 1404 1021; x_wconf 87' lang='lat' dir='ltr'><strong>apud</strong></span> <span class='ocrx_word' id='word_1_34' title='bbox 1419 931 1483 1000; x_wconf 88' lang='lat' dir='ltr'><strong>Ur-</strong></span> 
     </span>
    </p>
   </div>
   <div class='ocr_carea' id='block_1_4' title="bbox 353 1041 1483 1133">
    <p class='ocr_par' dir='ltr' id='par_1_4' title="bbox 353 1041 1483 1133">
     <span class='ocr_line' id='line_1_7' title="bbox 353 1041 1483 1133; baseline -0.005 -21"><span class='ocrx_word' id='word_1_35' title='bbox 353 1046 429 1115; x_wconf 88' lang='lat' dir='ltr'><strong>bem</strong></span> <span class='ocrx_word' id='word_1_36' title='bbox 445 1047 597 1116; x_wconf 87' lang='lat' dir='ltr'><strong>Veterem</strong></span> <span class='ocrx_word' id='word_1_37' title='bbox 614 1049 652 1115; x_wconf 91' lang='lat' dir='ltr'><strong>v.</strong></span> <span class='ocrx_word' id='word_1_38' title='bbox 670 1048 749 1118; x_wconf 86' lang='lat' dir='ltr'><strong>Idus</strong></span> <span class='ocrx_word' id='word_1_39' title='bbox 765 1047 885 1126; x_wconf 87' lang='lat' dir='ltr'><strong>llartii,</strong></span> <span class='ocrx_word' id='word_1_40' title='bbox 903 1042 1129 1133; x_wconf 83' lang='lat' dir='ltr'><strong>(Pontificatus</strong></span> <span class='ocrx_word' id='word_1_41' title='bbox 1140 1043 1258 1132; x_wconf 84' lang='lat' dir='ltr'><strong>nostri)</strong></span> <span class='ocrx_word' id='word_1_42' title='bbox 1274 1041 1483 1112; x_wconf 87' lang='lat' dir='ltr'><strong>annoterlio.</strong></span> 
     </span>
    </p>
   </div>
   <div class='ocr_carea' id='block_1_5' title="bbox 462 1219 1381 1298">
    <p class='ocr_par' dir='ltr' id='par_1_5' title="bbox 462 1219 1381 1298">
     <span class='ocr_line' id='line_1_8' title="bbox 462 1219 1381 1298; baseline -0.008 -17"><span class='ocrx_word' id='word_1_43' title='bbox 462 1225 524 1292; x_wconf 88' lang='lat' dir='ltr'><strong>(IV.</strong></span> <span class='ocrx_word' id='word_1_44' title='bbox 539 1223 637 1282; x_wconf 75' lang='lat' dir='ltr'><strong>orben</strong></span> <span class='ocrx_word' id='word_1_45' title='bbox 651 1222 729 1297; x_wconf 72' lang='lat' dir='ltr'><strong>papa</strong></span> <span class='ocrx_word' id='word_1_46' title='bbox 742 1222 942 1298; x_wconf 76' lang='lat' dir='ltr'><strong>Regestlrbol,</strong></span> <span class='ocrx_word' id='word_1_47' title='bbox 956 1223 1081 1282; x_wconf 87' lang='lat' dir='ltr'><strong>Theiuer</strong></span> <span class='ocrx_word' id='word_1_48' title='bbox 1093 1221 1129 1278; x_wconf 87' lang='lat' dir='ltr'><strong>id.</strong></span> <span class='ocrx_word' id='word_1_49' title='bbox 1142 1241 1178 1278; x_wconf 87' lang='lat' dir='ltr'><strong>rn.</strong></span> <span class='ocrx_word' id='word_1_50' title='bbox 1193 1222 1213 1277; x_wconf 93' lang='lat' dir='ltr'><strong>l.</strong></span> <span class='ocrx_word' id='word_1_51' title='bbox 1229 1222 1257 1276; x_wconf 88' lang='lat' dir='ltr'><strong>lr.</strong></span> <span class='ocrx_word' id='word_1_52' title='bbox 1269 1222 1332 1278; x_wconf 75' lang='lat'>263.</span> <span class='ocrx_word' id='word_1_53' title='bbox 1345 1219 1381 1292; x_wconf 88' lang='lat' dir='ltr'><strong>l.)</strong></span> 
     </span>
    </p>
   </div>
   <div class='ocr_carea' id='block_1_6' title="bbox 804 1575 1050 1586">
    <p class='ocr_par' dir='ltr' id='par_1_6' title="bbox 804 1575 1050 1586">
     <span class='ocr_line' id='line_1_9' title="bbox 804 1575 1050 1586; baseline 0 -2"><span class='ocrx_word' id='word_1_54' title='bbox 804 1577 860 1586; x_wconf 66' lang='lat' dir='ltr'>...u</span> <span class='ocrx_word' id='word_1_55' title='bbox 879 1579 948 1584; x_wconf 83' lang='lat'><em>—.--</em></span> <span class='ocrx_word' id='word_1_56' title='bbox 971 1575 1050 1584; x_wconf 69' lang='lat'><strong>---</strong></span> 
     </span>
    </p>
   </div>
   <div class='ocr_carea' id='block_1_7' title="bbox 882 2075 938 2142">
    <p class='ocr_par' dir='ltr' id='par_1_7' title="bbox 882 2075 938 2142">
     <span class='ocr_line' id='line_1_10' title="bbox 882 2075 938 2142; baseline 0.036 -2"><span class='ocrx_word' id='word_1_57' title='bbox 882 2075 938 2142; x_wconf 72' lang='lat' dir='ltr'><strong>tu.</strong></span> 
     </span>
    </p>
   </div>
   <div class='ocr_carea' id='block_1_8' title="bbox 349 2250 1481 2454">
    <p class='ocr_par' dir='ltr' id='par_1_8' title="bbox 349 2250 1481 2454">
     <span class='ocr_line' id='line_1_11' title="bbox 351 2250 1481 2347; baseline -0.004 -21"><span class='ocrx_word' id='word_1_58' title='bbox 351 2259 412 2326; x_wconf 85' lang='lat' dir='ltr'><strong>IV.</strong></span> <span class='ocrx_word' id='word_1_59' title='bbox 437 2259 545 2325; x_wconf 74' lang='lat' dir='ltr'><strong>Orbdo</strong></span> <span class='ocrx_word' id='word_1_60' title='bbox 562 2261 654 2347; x_wconf 71' lang='lat' dir='ltr'><strong>popa</strong></span> <span class='ocrx_word' id='word_1_61' title='bbox 676 2253 928 2342; x_wconf 68' lang='lat' dir='ltr'><strong>Mapparorsaeiq</strong></span> <span class='ocrx_word' id='word_1_62' title='bbox 940 2250 1164 2342; x_wconf 68' lang='lat' dir='ltr'><strong>fdpupjor&#39;nok</strong></span> <span class='ocrx_word' id='word_1_63' title='bbox 1187 2255 1481 2344; x_wconf 71' lang='lat' dir='ltr'><strong>meptoquc,lopy</strong></span> 
     </span>
     <span class='ocr_line' id='line_1_12' title="bbox 349 2359 1480 2454; baseline -0.003 -22"><span class='ocrx_word' id='word_1_64' title='bbox 349 2389 370 2432; x_wconf 87' lang='lat' dir='ltr'><strong>a</strong></span> <span class='ocrx_word' id='word_1_65' title='bbox 391 2389 524 2454; x_wconf 70' lang='lat' dir='ltr'><strong>mappas·</strong></span> <span class='ocrx_word' id='word_1_66' title='bbox 553 2363 676 2452; x_wconf 80' lang='lat' dir='ltr'><strong>kirdlys&#39;</strong></span> <span class='ocrx_word' id='word_1_67' title='bbox 700 2359 876 2428; x_wconf 65' lang='lat' dir='ltr'><strong>calcanco</strong></span> <span class='ocrx_word' id='word_1_68' title='bbox 899 2383 920 2425; x_wconf 87' lang='lat' dir='ltr'><strong>a</strong></span> <span class='ocrx_word' id='word_1_69' title='bbox 950 2362 1150 2430; x_wconf 71' lang='lat' dir='ltr'><strong>tatarokkale&#39;</strong></span> <span class='ocrx_word' id='word_1_70' title='bbox 1183 2363 1480 2430; x_wconf 71' lang='lat' dir='ltr'><strong>bmchdaueoda&#39;odt</strong></span> 
     </span>
    </p>
   </div>
   <div class='ocr_carea' id='block_1_9' title="bbox 696 2468 1118 2554">
    <p class='ocr_par' dir='ltr' id='par_1_9' title="bbox 696 2468 1118 2554">
     <span class='ocr_line' id='line_1_13' title="bbox 696 2468 1118 2554; baseline 0.007 -20"><span class='ocrx_word' id='word_1_71' title='bbox 696 2468 995 2554; x_wconf 76' lang='lat' dir='ltr'><strong>ukadctlyoatcaadlc.</strong></span> <span class='ocrx_word' id='word_1_72' title='bbox 1019 2471 1118 2538; x_wconf 80' lang='lat'><em>1264.</em></span> 
     </span>
    </p>
   </div>
   <div class='ocr_carea' id='block_1_10' title="bbox 340 2665 1500 4710">
    <p class='ocr_par' dir='ltr' id='par_1_10' title="bbox 340 2665 1500 4710">
     <span class='ocr_line' id='line_1_14' title="bbox 459 2665 1479 2754; baseline 0.002 -16"><span class='ocrx_word' id='word_1_73' title='bbox 459 2669 611 2738; x_wconf 89' lang='lat' dir='ltr'><strong>Urbanus</strong></span> <span class='ocrx_word' id='word_1_74' title='bbox 627 2665 811 2754; x_wconf 81' lang='lat' dir='ltr'><strong>Episcopus</strong></span> <span class='ocrx_word' id='word_1_75' title='bbox 831 2677 893 2738; x_wconf 91' lang='lat' dir='ltr'><strong>etc.</strong></span> <span class='ocrx_word' id='word_1_76' title='bbox 920 2669 1166 2739; x_wconf 82' lang='lat' dir='ltr'><strong>venerabilibus</strong></span> <span class='ocrx_word' id='word_1_77' title='bbox 1192 2669 1348 2744; x_wconf 86' lang='lat' dir='ltr'><strong>fratribus</strong></span> <span class='ocrx_word' id='word_1_78' title='bbox 1364 2671 1479 2740; x_wconf 81' lang='lat' dir='ltr'><strong>Archi·</strong></span> 
     </span>
     <span class='ocr_line' id='line_1_15' title="bbox 348 2776 1479 2868; baseline -0.004 -16"><span class='ocrx_word' id='word_1_79' title='bbox 348 2779 512 2868; x_wconf 88' lang='lat' dir='ltr'><strong>episcopis</strong></span> <span class='ocrx_word' id='word_1_80' title='bbox 546 2783 580 2846; x_wconf 93' lang='lat' dir='ltr'><strong>et</strong></span> <span class='ocrx_word' id='word_1_81' title='bbox 603 2776 795 2865; x_wconf 69' lang='lat' dir='ltr'><strong>episcopis,</strong></span> <span class='ocrx_word' id='word_1_82' title='bbox 831 2778 971 2863; x_wconf 88' lang='lat' dir='ltr'><strong>allisque</strong></span> <span class='ocrx_word' id='word_1_83' title='bbox 996 2779 1139 2850; x_wconf 89' lang='lat' dir='ltr'><strong>Prelatis</strong></span> <span class='ocrx_word' id='word_1_84' title='bbox 1166 2781 1391 2848; x_wconf 83' lang='lat' dir='ltr'><strong>Ecclesiarum</strong></span> <span class='ocrx_word' id='word_1_85' title='bbox 1416 2799 1479 2866; x_wconf 91' lang='lat' dir='ltr'><strong>per</strong></span> 
     </span>
     <span class='ocr_line' id='line_1_16' title="bbox 346 2886 1477 2976; baseline 0.003 -21"><span class='ocrx_word' id='word_1_86' title='bbox 346 2889 494 2972; x_wconf 85' lang='lat' dir='ltr'><strong>Regnum</strong></span> <span class='ocrx_word' id='word_1_87' title='bbox 511 2887 657 2973; x_wconf 87' lang='lat' dir='ltr'><strong>Ungarie</strong></span> <span class='ocrx_word' id='word_1_88' title='bbox 686 2887 882 2972; x_wconf 89' lang='lat' dir='ltr'><strong>constitutis,</strong></span> <span class='ocrx_word' id='word_1_89' title='bbox 909 2886 1051 2956; x_wconf 89' lang='lat' dir='ltr'><strong>salutem</strong></span> <span class='ocrx_word' id='word_1_90' title='bbox 1068 2895 1129 2976; x_wconf 84' lang='lat' dir='ltr'><strong>etc.</strong></span> <span class='ocrx_word' id='word_1_91' title='bbox 1159 2887 1223 2956; x_wconf 92' lang='lat' dir='ltr'><strong>Per</strong></span> <span class='ocrx_word' id='word_1_92' title='bbox 1248 2887 1329 2957; x_wconf 81' lang='lat' dir='ltr'><strong>iacti</strong></span> <span class='ocrx_word' id='word_1_93' title='bbox 1345 2888 1477 2958; x_wconf 88' lang='lat' dir='ltr'><strong>eviden-</strong></span> 
     </span>
     <span class='ocr_line' id='line_1_17' title="bbox 345 2994 1476 3084; baseline 0.002 -22"><span class='ocrx_word' id='word_1_94' title='bbox 345 2997 426 3065; x_wconf 89' lang='lat' dir='ltr'><strong>tiam</strong></span> <span class='ocrx_word' id='word_1_95' title='bbox 441 2995 503 3065; x_wconf 87' lang='lat' dir='ltr'><strong>tibi</strong></span> <span class='ocrx_word' id='word_1_96' title='bbox 519 3003 553 3064; x_wconf 91' lang='lat' dir='ltr'><strong>et</strong></span> <span class='ocrx_word' id='word_1_97' title='bbox 569 2995 775 3064; x_wconf 84' lang='lat' dir='ltr'><strong>universitati</strong></span> <span class='ocrx_word' id='word_1_98' title='bbox 800 2994 944 3064; x_wconf 84' lang='lat' dir='ltr'><strong>bdelium</strong></span> <span class='ocrx_word' id='word_1_99' title='bbox 960 2995 1003 3063; x_wconf 88' lang='lat' dir='ltr'><strong>de</strong></span> <span class='ocrx_word' id='word_1_100' title='bbox 1019 2997 1132 3084; x_wconf 89' lang='lat' dir='ltr'><strong>Regno</strong></span> <span class='ocrx_word' id='word_1_101' title='bbox 1159 2995 1307 3083; x_wconf 85' lang='lat' dir='ltr'><strong>Ungarie</strong></span> <span class='ocrx_word' id='word_1_102' title='bbox 1324 2996 1355 3062; x_wconf 92' lang='lat' dir='ltr'><strong>iu</strong></span> <span class='ocrx_word' id='word_1_103' title='bbox 1372 3015 1476 3084; x_wconf 90' lang='lat' dir='ltr'><strong>popu·</strong></span> 
     </span>
     <span class='ocr_line' id='line_1_18' title="bbox 346 3103 1478 3193; baseline 0 -21"><span class='ocrx_word' id='word_1_104' title='bbox 346 3105 413 3172; x_wconf 90' lang='lat' dir='ltr'><strong>lum</strong></span> <span class='ocrx_word' id='word_1_105' title='bbox 437 3103 676 3193; x_wconf 86' lang='lat' dir='ltr'><strong>deplorandum</strong></span> <span class='ocrx_word' id='word_1_106' title='bbox 701 3106 912 3189; x_wconf 76' lang='lat' dir='ltr'><strong>agnoscitur,</strong></span> <span class='ocrx_word' id='word_1_107' title='bbox 938 3105 1081 3189; x_wconf 75' lang='lat' dir='ltr'><strong>qualiter</strong></span> <span class='ocrx_word' id='word_1_108' title='bbox 1105 3105 1329 3192; x_wconf 84' lang='lat' dir='ltr'><strong>dampnabilis</strong></span> <span class='ocrx_word' id='word_1_109' title='bbox 1360 3105 1478 3172; x_wconf 78' lang='lat' dir='ltr'><strong>feritas</strong></span> 
     </span>
     <span class='ocr_line' id='line_1_19' title="bbox 348 3211 1478 3299; baseline 0.003 -20"><span class='ocrx_word' id='word_1_110' title='bbox 348 3211 563 3281; x_wconf 77' lang='lat' dir='ltr'><strong>‘l&#39;artarorum</strong></span> <span class='ocrx_word' id='word_1_111' title='bbox 589 3232 683 3282; x_wconf 88' lang='lat' dir='ltr'><strong>snam</strong></span> <span class='ocrx_word' id='word_1_112' title='bbox 708 3212 889 3298; x_wconf 88' lang='lat' dir='ltr'><strong>potentiam</strong></span> <span class='ocrx_word' id='word_1_113' title='bbox 909 3213 954 3280; x_wconf 87' lang='lat' dir='ltr'><strong>ad</strong></span> <span class='ocrx_word' id='word_1_114' title='bbox 980 3212 1168 3282; x_wconf 79' lang='lat' dir='ltr'><strong>Christiane</strong></span> <span class='ocrx_word' id='word_1_115' title='bbox 1183 3214 1354 3299; x_wconf 80' lang='lat' dir='ltr'><strong>religionis</strong></span> <span class='ocrx_word' id='word_1_116' title='bbox 1370 3219 1478 3284; x_wconf 84' lang='lat' dir='ltr'><strong>exter·</strong></span> 
     </span>
     <span class='ocr_line' id='line_1_20' title="bbox 346 3320 1476 3406; baseline 0.002 -18"><span class='ocrx_word' id='word_1_117' title='bbox 346 3322 480 3390; x_wconf 89' lang='lat' dir='ltr'><strong>minium</strong></span> <span class='ocrx_word' id='word_1_118' title='bbox 497 3320 671 3406; x_wconf 88' lang='lat' dir='ltr'><strong>experitur.</strong></span> <span class='ocrx_word' id='word_1_119' title='bbox 703 3321 814 3406; x_wconf 80' lang='lat' dir='ltr'><strong>Digne</strong></span> <span class='ocrx_word' id='word_1_120' title='bbox 839 3320 938 3404; x_wconf 86' lang='lat' dir='ltr'><strong>igitur</strong></span> <span class='ocrx_word' id='word_1_121' title='bbox 961 3341 1028 3390; x_wconf 90' lang='lat' dir='ltr'><strong>nou</strong></span> <span class='ocrx_word' id='word_1_122' title='bbox 1043 3322 1151 3391; x_wconf 90' lang='lat' dir='ltr'><strong>solum</strong></span> <span class='ocrx_word' id='word_1_123' title='bbox 1166 3321 1384 3392; x_wconf 86' lang='lat' dir='ltr'><strong>admiratiouo</strong></span> <span class='ocrx_word' id='word_1_124' title='bbox 1400 3341 1476 3390; x_wconf 92' lang='lat' dir='ltr'><strong>con·</strong></span> 
     </span>
     <span class='ocr_line' id='line_1_21' title="bbox 344 3429 1474 3518; baseline 0.002 -22"><span class='ocrx_word' id='word_1_125' title='bbox 344 3430 421 3516; x_wconf 88' lang='lat' dir='ltr'><strong>cuti,</strong></span> <span class='ocrx_word' id='word_1_126' title='bbox 438 3430 500 3498; x_wconf 86' lang='lat' dir='ltr'><strong>sed</strong></span> <span class='ocrx_word' id='word_1_127' title='bbox 516 3429 676 3498; x_wconf 87' lang='lat' dir='ltr'><strong>debemus</strong></span> <span class='ocrx_word' id='word_1_128' title='bbox 702 3431 803 3498; x_wconf 89' lang='lat' dir='ltr'><strong>etiam</strong></span> <span class='ocrx_word' id='word_1_129' title='bbox 828 3435 960 3518; x_wconf 85' lang='lat' dir='ltr'><strong>stupore</strong></span> <span class='ocrx_word' id='word_1_130' title='bbox 985 3429 1147 3517; x_wconf 80' lang='lat' dir='ltr'><strong>perfundi,</strong></span> <span class='ocrx_word' id='word_1_131' title='bbox 1168 3432 1245 3500; x_wconf 89' lang='lat' dir='ltr'><strong>dum</strong></span> <span class='ocrx_word' id='word_1_132' title='bbox 1265 3449 1324 3516; x_wconf 89' lang='lat' dir='ltr'><strong>per</strong></span> <span class='ocrx_word' id='word_1_133' title='bbox 1338 3429 1474 3515; x_wconf 90' lang='lat' dir='ltr'><strong>aliquos</strong></span> 
     </span>
     <span class='ocr_line' id='line_1_22' title="bbox 345 3535 1500 3624; baseline 0.002 -21"><span class='ocrx_word' id='word_1_134' title='bbox 345 3535 542 3624; x_wconf 85' lang='lat' dir='ltr'><strong>bdedignos‚</strong></span> <span class='ocrx_word' id='word_1_135' title='bbox 568 3537 666 3605; x_wconf 89' lang='lat' dir='ltr'><strong>corde</strong></span> <span class='ocrx_word' id='word_1_136' title='bbox 690 3543 802 3606; x_wconf 89' lang='lat' dir='ltr'><strong>tamen</strong></span> <span class='ocrx_word' id='word_1_137' title='bbox 826 3538 944 3608; x_wconf 82' lang='lat' dir='ltr'><strong>auxios</strong></span> <span class='ocrx_word' id='word_1_138' title='bbox 970 3545 1005 3607; x_wconf 90' lang='lat' dir='ltr'><strong>et</strong></span> <span class='ocrx_word' id='word_1_139' title='bbox 1028 3538 1132 3609; x_wconf 89' lang='lat' dir='ltr'><strong>oculis</strong></span> <span class='ocrx_word' id='word_1_140' title='bbox 1153 3538 1360 3622; x_wconf 87' lang='lat' dir='ltr'><strong>lacrimosus,</strong></span> <span class='ocrx_word' id='word_1_141' title='bbox 1378 3537 1500 3616; x_wconf 59' lang='lat' dir='ltr'><strong>nobis,</strong></span> 
     </span>
     <span class='ocr_line' id='line_1_23' title="bbox 345 3642 1475 3731; baseline 0.001 -18"><span class='ocrx_word' id='word_1_142' title='bbox 345 3643 514 3731; x_wconf 89' lang='lat' dir='ltr'><strong>asseritur,</strong></span> <span class='ocrx_word' id='word_1_143' title='bbox 538 3642 625 3730; x_wconf 86' lang='lat' dir='ltr'><strong>quod</strong></span> <span class='ocrx_word' id='word_1_144' title='bbox 651 3643 839 3714; x_wconf 81' lang='lat' dir='ltr'><strong>karissimis</strong></span> <span class='ocrx_word' id='word_1_145' title='bbox 860 3644 895 3712; x_wconf 94' lang='lat' dir='ltr'><strong>in</strong></span> <span class='ocrx_word' id='word_1_146' title='bbox 920 3644 1052 3714; x_wconf 82' lang='lat' dir='ltr'><strong>cbristo</strong></span> <span class='ocrx_word' id='word_1_147' title='bbox 1076 3645 1155 3714; x_wconf 88' lang='lat' dir='ltr'><strong>tiliis</strong></span> <span class='ocrx_word' id='word_1_148' title='bbox 1171 3647 1294 3716; x_wconf 91' lang='lat' dir='ltr'><strong>uostris</strong></span> <span class='ocrx_word' id='word_1_149' title='bbox 1310 3645 1391 3714; x_wconf 91' lang='lat' dir='ltr'><strong>Bele</strong></span> <span class='ocrx_word' id='word_1_150' title='bbox 1410 3644 1475 3714; x_wconf 90' lang='lat' dir='ltr'><strong>Un-</strong></span> 
     </span>
     <span class='ocr_line' id='line_1_24' title="bbox 344 3752 1475 3843; baseline -0.002 -19"><span class='ocrx_word' id='word_1_151' title='bbox 344 3755 438 3838; x_wconf 82' lang='lat' dir='ltr'><strong>garie</strong></span> <span class='ocrx_word' id='word_1_152' title='bbox 453 3761 487 3824; x_wconf 90' lang='lat' dir='ltr'><strong>et</strong></span> <span class='ocrx_word' id='word_1_153' title='bbox 501 3752 671 3840; x_wconf 82' lang='lat' dir='ltr'><strong>Stephano</strong></span> <span class='ocrx_word' id='word_1_154' title='bbox 681 3755 899 3840; x_wconf 85' lang='lat' dir='ltr'><strong>primogenito</strong></span> <span class='ocrx_word' id='word_1_155' title='bbox 909 3756 980 3824; x_wconf 90' lang='lat' dir='ltr'><strong>eius</strong></span> <span class='ocrx_word' id='word_1_156' title='bbox 990 3757 1138 3843; x_wconf 76' lang='lat' dir='ltr'><strong>Regibus</strong></span> <span class='ocrx_word' id='word_1_157' title='bbox 1154 3756 1337 3826; x_wconf 87' lang='lat' dir='ltr'><strong>illustribus</strong></span> <span class='ocrx_word' id='word_1_158' title='bbox 1353 3775 1375 3822; x_wconf 91' lang='lat' dir='ltr'><strong>a</strong></span> <span class='ocrx_word' id='word_1_159' title='bbox 1390 3755 1475 3824; x_wconf 73' lang='lat' dir='ltr'><strong>&#39;l&#39;ar—</strong></span> 
     </span>
     <span class='ocr_line' id='line_1_25' title="bbox 342 3863 1473 3954; baseline 0.001 -23"><span class='ocrx_word' id='word_1_160' title='bbox 342 3869 488 3932; x_wconf 91' lang='lat' dir='ltr'><strong>tarorum</strong></span> <span class='ocrx_word' id='word_1_161' title='bbox 514 3863 659 3951; x_wconf 87' lang='lat' dir='ltr'><strong>ipsorum</strong></span> <span class='ocrx_word' id='word_1_162' title='bbox 685 3864 870 3932; x_wconf 87' lang='lat' dir='ltr'><strong>calliditate</strong></span> <span class='ocrx_word' id='word_1_163' title='bbox 894 3864 1036 3935; x_wconf 86' lang='lat' dir='ltr'><strong>subdola</strong></span> <span class='ocrx_word' id='word_1_164' title='bbox 1059 3886 1120 3954; x_wconf 90' lang='lat' dir='ltr'><strong>per</strong></span> <span class='ocrx_word' id='word_1_165' title='bbox 1144 3865 1306 3950; x_wconf 82' lang='lat' dir='ltr'><strong>quosdam</strong></span> <span class='ocrx_word' id='word_1_166' title='bbox 1332 3863 1473 3934; x_wconf 81' lang='lat' dir='ltr'><strong>fallaces</strong></span> 
     </span>
     <span class='ocr_line' id='line_1_26' title="bbox 343 3969 1473 4062; baseline 0 -22"><span class='ocrx_word' id='word_1_167' title='bbox 343 3973 489 4058; x_wconf 88' lang='lat' dir='ltr'><strong>ipsorum</strong></span> <span class='ocrx_word' id='word_1_168' title='bbox 504 3971 652 4056; x_wconf 89' lang='lat' dir='ltr'><strong>nuncios,</strong></span> <span class='ocrx_word' id='word_1_169' title='bbox 669 3969 723 4040; x_wconf 85' lang='lat' dir='ltr'><strong>uel</strong></span> <span class='ocrx_word' id='word_1_170' title='bbox 738 3972 847 4060; x_wconf 91' lang='lat' dir='ltr'><strong>potius</strong></span> <span class='ocrx_word' id='word_1_171' title='bbox 867 3971 1096 4058; x_wconf 84' lang='lat' dir='ltr'><strong>exploratores</strong></span> <span class='ocrx_word' id='word_1_172' title='bbox 1111 3973 1289 4062; x_wconf 84' lang='lat' dir='ltr'><strong>pestiferos</strong></span> <span class='ocrx_word' id='word_1_173' title='bbox 1305 3973 1473 4059; x_wconf 84' lang='lat' dir='ltr'><strong>suadetur,</strong></span> 
     </span>
     <span class='ocr_line' id='line_1_27' title="bbox 341 4079 1473 4170; baseline 0.004 -22"><span class='ocrx_word' id='word_1_174' title='bbox 341 4085 378 4148; x_wconf 91' lang='lat' dir='ltr'><strong>ut</strong></span> <span class='ocrx_word' id='word_1_175' title='bbox 402 4079 504 4150; x_wconf 85' lang='lat' dir='ltr'><strong>iidem</strong></span> <span class='ocrx_word' id='word_1_176' title='bbox 527 4081 636 4167; x_wconf 85' lang='lat' dir='ltr'><strong>Reges</strong></span> <span class='ocrx_word' id='word_1_177' title='bbox 661 4080 710 4148; x_wconf 88' lang='lat' dir='ltr'><strong>eis</strong></span> <span class='ocrx_word' id='word_1_178' title='bbox 737 4081 909 4166; x_wconf 85' lang='lat' dir='ltr'><strong>parentele</strong></span> <span class='ocrx_word' id='word_1_179' title='bbox 924 4082 1066 4170; x_wconf 86' lang='lat' dir='ltr'><strong>vinculo,</strong></span> <span class='ocrx_word' id='word_1_180' title='bbox 1090 4083 1144 4153; x_wconf 83' lang='lat' dir='ltr'><strong>vel</strong></span> <span class='ocrx_word' id='word_1_181' title='bbox 1170 4101 1373 4168; x_wconf 85' lang='lat' dir='ltr'><strong>quonamque</strong></span> <span class='ocrx_word' id='word_1_182' title='bbox 1403 4083 1473 4152; x_wconf 88' lang='lat' dir='ltr'><strong>alio</strong></span> 
     </span>
     <span class='ocr_line' id='line_1_28' title="bbox 341 4188 1473 4278; baseline 0.004 -22"><span class='ocrx_word' id='word_1_183' title='bbox 341 4188 509 4258; x_wconf 77' lang='lat' dir='ltr'><strong>amicabili</strong></span> <span class='ocrx_word' id='word_1_184' title='bbox 524 4188 639 4258; x_wconf 85' lang='lat' dir='ltr'><strong>ledere</strong></span> <span class='ocrx_word' id='word_1_185' title='bbox 654 4190 810 4260; x_wconf 84' lang='lat' dir='ltr'><strong>studeant</strong></span> <span class='ocrx_word' id='word_1_186' title='bbox 837 4190 980 4278; x_wconf 85' lang='lat' dir='ltr'><strong>alligari,</strong></span> <span class='ocrx_word' id='word_1_187' title='bbox 1008 4190 1106 4276; x_wconf 88' lang='lat' dir='ltr'><strong>quasi</strong></span> <span class='ocrx_word' id='word_1_188' title='bbox 1121 4191 1246 4262; x_wconf 83' lang='lat' dir='ltr'><strong>astutia</strong></span> <span class='ocrx_word' id='word_1_189' title='bbox 1260 4193 1473 4260; x_wconf 75' lang='lat' dir='ltr'><strong>Tartarorum</strong></span> 
     </span>
     <span class='ocr_line' id='line_1_29' title="bbox 340 4296 1471 4387; baseline 0.005 -25"><span class='ocrx_word' id='word_1_190' title='bbox 340 4296 484 4381; x_wconf 91' lang='lat' dir='ltr'><strong>ipsorum</strong></span> <span class='ocrx_word' id='word_1_191' title='bbox 500 4297 609 4384; x_wconf 87' lang='lat' dir='ltr'><strong>Reges</strong></span> <span class='ocrx_word' id='word_1_192' title='bbox 626 4296 760 4366; x_wconf 89' lang='lat' dir='ltr'><strong>eosdem</strong></span> <span class='ocrx_word' id='word_1_193' title='bbox 776 4298 823 4366; x_wconf 88' lang='lat' dir='ltr'><strong>ita</strong></span> <span class='ocrx_word' id='word_1_194' title='bbox 838 4296 908 4367; x_wconf 88' lang='lat' dir='ltr'><strong>lore</strong></span> <span class='ocrx_word' id='word_1_195' title='bbox 925 4299 1093 4386; x_wconf 88' lang='lat' dir='ltr'><strong>simplices</strong></span> <span class='ocrx_word' id='word_1_196' title='bbox 1111 4299 1297 4387; x_wconf 86' lang='lat' dir='ltr'><strong>arbitretur,</strong></span> <span class='ocrx_word' id='word_1_197' title='bbox 1314 4305 1351 4366; x_wconf 91' lang='lat' dir='ltr'><strong>ut</strong></span> <span class='ocrx_word' id='word_1_198' title='bbox 1365 4299 1471 4368; x_wconf 90' lang='lat' dir='ltr'><strong>nolint</strong></span> 
     </span>
     <span class='ocr_line' id='line_1_30' title="bbox 340 4393 1472 4496; baseline 0.007 -28"><span class='ocrx_word' id='word_1_199' title='bbox 340 4402 466 4472; x_wconf 87' lang='lat' dir='ltr'><strong>babere</strong></span> <span class='ocrx_word' id='word_1_200' title='bbox 480 4425 540 4492; x_wconf 91' lang='lat' dir='ltr'><strong>pre</strong></span> <span class='ocrx_word' id='word_1_201' title='bbox 556 4407 672 4486; x_wconf 86' lang='lat' dir='ltr'><strong>oculis,</strong></span> <span class='ocrx_word' id='word_1_202' title='bbox 699 4407 807 4489; x_wconf 90' lang='lat' dir='ltr'><strong>qualis</strong></span> <span class='ocrx_word' id='word_1_203' title='bbox 834 4406 867 4473; x_wconf 92' lang='lat' dir='ltr'><strong>in</strong></span> <span class='ocrx_word' id='word_1_204' title='bbox 892 4407 1048 4476; x_wconf 89' lang='lat' dir='ltr'><strong>iamdicto</strong></span> <span class='ocrx_word' id='word_1_205' title='bbox 1063 4407 1179 4494; x_wconf 84' lang='lat' dir='ltr'><strong>Regno</strong></span> <span class='ocrx_word' id='word_1_206' title='bbox 1197 4407 1288 4477; x_wconf 89' lang='lat' dir='ltr'><strong>iacta</strong></span> <span class='ocrx_word' id='word_1_207' title='bbox 1303 4430 1362 4496; x_wconf 89' lang='lat' dir='ltr'><strong>per</strong></span> <span class='ocrx_word' id='word_1_208' title='bbox 1378 4393 1472 4496; x_wconf 88' lang='lat' dir='ltr'><strong>ipsos</strong></span> 
     </span>
     <span class='ocr_line' id='line_1_31' title="bbox 341 4511 1471 4600; baseline 0.009 -24"><span class='ocrx_word' id='word_1_209' title='bbox 341 4511 418 4578; x_wconf 89' lang='lat' dir='ltr'><strong>olim</strong></span> <span class='ocrx_word' id='word_1_210' title='bbox 435 4513 534 4580; x_wconf 85' lang='lat' dir='ltr'><strong>fucrit</strong></span> <span class='ocrx_word' id='word_1_211' title='bbox 550 4513 666 4582; x_wconf 82' lang='lat' dir='ltr'><strong>effusio</strong></span> <span class='ocrx_word' id='word_1_212' title='bbox 683 4515 855 4600; x_wconf 87' lang='lat' dir='ltr'><strong>sanguinis</strong></span> <span class='ocrx_word' id='word_1_213' title='bbox 872 4514 1066 4584; x_wconf 87' lang='lat' dir='ltr'><strong>innocentis.</strong></span> <span class='ocrx_word' id='word_1_214' title='bbox 1099 4516 1153 4583; x_wconf 90' lang='lat' dir='ltr'><strong>Ha</strong></span> <span class='ocrx_word' id='word_1_215' title='bbox 1179 4516 1288 4584; x_wconf 92' lang='lat' dir='ltr'><strong>Deusl</strong></span> <span class='ocrx_word' id='word_1_216' title='bbox 1313 4534 1377 4600; x_wconf 88' lang='lat' dir='ltr'><strong>que</strong></span> <span class='ocrx_word' id='word_1_217' title='bbox 1393 4537 1471 4586; x_wconf 90' lang='lat' dir='ltr'><strong>con·</strong></span> 
     </span>
     <span class='ocr_line' id='line_1_32' title="bbox 340 4620 1477 4710; baseline 0.005 -24"><span class='ocrx_word' id='word_1_218' title='bbox 340 4620 451 4689; x_wconf 91' lang='lat' dir='ltr'><strong>uentio</strong></span> <span class='ocrx_word' id='word_1_219' title='bbox 479 4620 563 4689; x_wconf 90' lang='lat' dir='ltr'><strong>lucis</strong></span> <span class='ocrx_word' id='word_1_220' title='bbox 581 4623 626 4691; x_wconf 87' lang='lat' dir='ltr'><strong>ad</strong></span> <span class='ocrx_word' id='word_1_221' title='bbox 642 4625 795 4694; x_wconf 87' lang='lat' dir='ltr'><strong>tenebras</strong></span> <span class='ocrx_word' id='word_1_222' title='bbox 804 4674 814 4710; x_wconf 97' lang='lat'><strong>,</strong></span> <span class='ocrx_word' id='word_1_223' title='bbox 841 4625 894 4694; x_wconf 85' lang='lat' dir='ltr'><strong>rel</strong></span> <span class='ocrx_word' id='word_1_224' title='bbox 921 4625 1000 4709; x_wconf 86' lang='lat' dir='ltr'><strong>quid</strong></span> <span class='ocrx_word' id='word_1_225' title='bbox 1015 4625 1059 4694; x_wconf 88' lang='lat' dir='ltr'><strong>ad</strong></span> <span class='ocrx_word' id='word_1_226' title='bbox 1075 4625 1207 4710; x_wconf 86' lang='lat' dir='ltr'><strong>plebem</strong></span> <span class='ocrx_word' id='word_1_227' title='bbox 1223 4623 1425 4701; x_wconf 83' lang='lat' dir='ltr'><strong>catholicam</strong></span> <span class='ocrx_word' id='word_1_228' title='bbox 1442 4631 1477 4693; x_wconf 91' lang='lat' dir='ltr'><strong>et</strong></span> 
     </span>
    </p>
   </div>
   <div class='ocr_carea' id='block_1_11' title="bbox 0 0 1630 5268">
    <p class='ocr_par' dir='ltr' id='par_1_11' title="bbox 0 0 1630 5268">
     <span class='ocr_line' id='line_1_33' title="bbox 0 0 1630 5268; baseline 0 6"><span class='ocrx_word' id='word_1_229' title='bbox 0 0 1630 5268; x_wconf 95' lang='lat' dir='ltr'><strong> </strong></span> 
     </span>
    </p>
   </div>
  </div>
 </body>
</html>
