3248 5274
846 453 1003 554 su..

472 655 528 736 ΑΖ
555 660 631 735 iuis
659 653 956 758 bettljegyeirt'll,
977 656 1016 728 es
1045 683 1088 732 az
1117 681 1238 758 egyes
1270 651 1489 730 szavakbsn

366 785 539 862 haszntlt
556 782 847 860 ruvidltesekrlll
867 781 1080 876 sz6lan0m,
1112 809 1198 858 nem
1226 781 1360 858 lsuzik
1380 779 1488 854 szuk-

367 911 561 1013 segesnek.
590 908 760 984 Miudket
786 906 1022 984 tekintetben
1051 935 1075 983 a
1102 907 1283 1010 regesttk
1313 933 1356 984 az
1385 906 1489 982 illest

368 1037 552 1116 szszadok
571 1037 743 1113 szoktstt
762 1037 802 1110 es
832 1033 976 1134 mtdjtt
1003 1033 1183 1133 k'o'vetik3
1214 1063 1231 1111 s
1260 1039 1330 1138 lgy
1359 1063 1403 1110 sz
1423 1032 1488 1110 ok·

367 1168 554 1265 mtnytsn
574 1166 613 1238 es
632 1188 656 1237 a
673 1161 968 1263 palaeographia
988 1187 1008 1235 e
1028 1160 1182 1239 kerdest
1209 1165 1400 1238 tllzeteseu
1421 1158 1487 1258 fej-

367 1290 494 1390 tegeti.
505 1286 870 1364 Ellenbenatetelek
891 1285 1070 1363 szoklsos
1089 1289 1323 1365 ruvidlteseit
1341 1287 1387 1362 itt
1406 1287 1489 1361 mur

369 1415 460 1493 esak
480 1419 582 1491 azert
600 1416 631 1489 is
651 1413 729 1489 kell
748 1426 977 1515 szemflgyre
998 1439 1175 1510 munem,
1195 1425 1292 1490 mert
1310 1440 1333 1488 a
1351 1439 1487 1516 nyom-

368 1547 467 1620 tstls
486 1544 592 1643 utjln
611 1545 726 1620 kuzze
744 1553 815 1618 tett
838 1541 1090 1642 regestlkbun
1109 1543 1141 1616 is
1160 1541 1409 1618 taltlkozunk
1427 1567 1489 1615 ve-

367 1671 443 1746 luk.
472 1669 508 1744 A
536 1669 803 1769 legszolstsosb
831 1669 1005 1773 ilynemll
1033 1668 1263 1746 ruviduesek
1299 1693 1323 1744 a
1359 1667 1488 1746 kevet·

368 1797 519 1875 lestik:

611 2026 649 2130 a)
677 2029 712 2105 A
740 2029 945 2107 levelek
972 2030 1248 2108 kezdeten:

478 2211 809 2316 Apostolieae
829 2209 970 2287 Sedis
998 2213 1400 2314 benignitasete.
1421 2239 1489 2288 us-

373 2370 462 2444 que
500 2341 752 2416 decorare.
784 2337 1104 2438 ='Apostolieae
1134 2339 1240 2417 Sedis
1272 2340 1489 2442 benignitas

373 2469 515 2546 sincere
544 2463 830 2564 obsequentium
858 2475 949 2540 vota
976 2463 1145 2542 fidelium
1163 2465 1294 2543 favore
1312 2465 1489 2543 benivolo

374 2595 548 2695 prosequi
569 2589 785 2683 cousuevit,
814 2599 851 2665 et
877 2589 1079 2669 illustrium
1099 2593 1391 2694 sublimiumque
1409 2619 1490 2695 per-

374 2747 504 2812 sonas,
534 2743 627 2818 quas
654 2717 694 2791 in
723 2741 790 2790 sua
818 2715 1017 2795 devotione
1035 2731 1230 2821 promptas
1249 2719 1436 2796 invenen‘t
1455 2730 1491 2794 et

375 2850 575 2938 ferventes,
594 2854 631 2918 et
650 2841 875 2943 quibusdam
896 2843 1013 2920 titulis
1033 2845 1225 2923 decentius
1245 2847 1437 2923 decorare.

480 2969 594 3046 Cum
623 2996 646 3043 a
674 2970 818 3045 nobis
846 2971 1039 3070 petitur
1076 2986 1164 3049 ete.
1192 2999 1345 3075 usque
1373 2971 1485 3048 effe·

375 3109 512 3174 etum.
536 3129 581 3158 =
615 3093 710 3172 Cum
740 3121 762 3170 a
788 3096 898 3172 nobis
926 3099 1066 3198 petitur
1095 3100 1193 3200 quod
1218 3102 1360 3177 iustum
1378 3109 1436 3176 est
1455 3109 1491 3173 et

374 3227 593 3320 honestum,
613 3235 691 3299 tem
709 3223 819 3321 vigor
839 3224 1037 3323 aequitatis
1057 3252 1170 3326 quum
1190 3227 1281 3304 ordo
1301 3227 1415 3328 exigit
1433 3250 1491 3300 rs·

375 3353 507 3447 tionis,
535 3361 578 3426 ut
595 3349 635 3424 id
652 3375 721 3448 per
740 3347 1029 3426 sollicitudinem
1049 3352 1161 3428 officii
1182 3354 1300 3429 nostri
1319 3354 1368 3429 ad
1388 3352 1490 3428 debi-

375 3490 454 3554 tum
472 3475 697 3581 perducatur
717 3475 899 3552 effectum.

483 3603 598 3680 Cum
625 3631 680 3680 ex
712 3604 940 3704 injuncto
968 3615 1055 3680 eto.
1093 3632 1249 3708 usque
1277 3617 1492 3682 attenta·

376 3741 468 3808 tur.
492 3761 537 3792 =
560 3730 657 3810 Cum
677 3755 722 3806 ex
741 3730 910 3830 injuncto
929 3731 1038 3808 nobis
1048 3731 1292 3834 Apostoletus
1311 3731 1434 3810 officio
1445 3731 1492 3808 ad

378 3982 488 4046 seinen
504 3979 706 4045 besonderen
723 3979 896 4047 Schreiber
912 3982 1010 4066 hatte,
1029 3984 1101 4048 eine
1117 3979 1346 4068 Einriehtung,
1363 3981 1416 4046 die
1432 4003 1491 4046 nur

377 4069 592 4137 lobenswerth
608 4069 673 4135 und
689 4080 833 4136 tusserst
848 4073 1009 4159 preetiseh
1026 4074 1096 4138 sich
1113 4073 1348 4138 herausstellen
1359 4085 1491 4137 museto.

377 4161 596 4227 Korreeturen
622 4160 689 4224 und
713 4161 1019 4248 durehgestrichene
1045 4163 1226 4230 Urlsuuden
1250 4164 1414 4245 kommen,
1431 4164 1491 4228 wie

378 4250 548 4330 acturust,
565 4250 672 4335 htufig
686 4273 744 4317 vor
755 4275 763 4335 3
776 4252 864 4338 jeus,
880 4251 1003 4318 welche
1019 4253 1168 4319 wirlilieh
1184 4253 1333 4340 expediit
1348 4253 1490 4335 werden,

378 4353 492 4428 tragon
516 4363 557 4404 an
583 4339 639 4405 der
654 4341 830 4407 Rueussite
855 4343 908 4408 die
924 4343 1014 4429 siglo
1030 4344 1078 4428 R,
1103 4343 1172 4409 also
1200 4340 1411 4430 „registrutu‘⁸
1430 4343 1490 4409 stb.

380 4429 460 4518 (Iter
475 4431 654 4496 Romanum
670 4429 712 4495 II.
731 4431 782 4498 72.
804 4428 851 4519 1.).
877 4433 967 4498 Ezen
993 4434 1084 4500 kstet
1108 4434 1197 4500 tohu
1221 4457 1294 4500 uem
1319 4432 1492 4499 valtdire·

378 4522 582 4610 gestuktinyv
598 4521 702 4605 leven,
719 4521 815 4589 hulst
838 4524 1016 4612 jelensegei
1036 4549 1056 4588 a
1072 4525 1182 4590 veludi
1207 4525 1491 4610 regestskltnyvsk

379 4611 604 4697 megitelesere
619 4635 692 4676 nem
711 4613 955 4700 szolgtlhatnak
971 4614 1090 4700 alapul.
1108 4614 1345 4680 Mindamellett
1360 4635 1380 4678 s
1394 4615 1490 4703 pipai

379 4701 506 4771 levelsk
524 4703 759 4782 ismertetesers
774 4706 877 4770 nesus
893 4727 966 4770 nem
982 4705 1117 4793 esskely
1133 4701 1291 4774 erdekksl
1307 4705 1367 4774 blr.
