3270 5280
875 347 1016 450 Α

383 549 494 613 nostre
510 542 768 611 confirmationis
785 550 847 610 ete.
873 543 995 611 Datum
1016 543 1104 632 apud
1121 543 1241 610 Urbem
1258 545 1414 611 Veterum
1432 541 1508 608 XII.

383 650 459 718 Kal.
476 652 637 737 Janunrii,
654 649 882 738 (Pontificatus
900 651 1020 736 nostri)
1037 671 1124 718 anno
1141 653 1248 718 tertio.

381 845 443 918 (IV.
457 847 556 904 Orbtn
569 846 649 921 pdpa
661 845 861 920 Regeetdibdl,
886 845 1012 903 Theiner
1033 845 1072 900 id.
1085 864 1122 900 m.
1135 845 1157 899 1.
1170 846 1198 901 lr.
1211 847 1271 902 254.
1285 847 1304 901 l.
1330 843 1364 900 V.
1379 850 1405 899 δ.
1419 845 1508 915 Fejdr

704 935 773 993 ced.
786 936 866 1008 Dipl.
879 934 943 992 Vll.
956 936 984 992 lr.
997 936 1024 990 5.
1037 955 1059 991 r.
1073 937 1134 994 339.
1147 935 1180 1008 l.)

921 1729 978 1796 nt.

378 1914 401 1978 I
404 1913 439 1979 V.
457 1911 564 1978 Orbda
576 1915 668 1998 pdpo
686 1907 766 1974 Rota
782 1906 957 1973 sclavonici
971 1907 1125 1996 bernyer
1141 1910 1324 1976 dirtolodocl
1341 1919 1451 1998 epydtt
1468 1931 1506 1972 aa

569 2017 707 2104 apostoli
720 2015 789 2081 caele
798 2013 994 2105 pdrtfhpdso
1014 2018 1071 2082 old
1086 2021 1179 2084 osam.
1206 2019 1305 2082 1263.

485 2213 639 2283 Urbanus
655 2215 837 2299 Episcopus
864 2219 925 2279 eto.
953 2211 1073 2280 dilecto
1100 2214 1166 2282 filio
1182 2215 1286 2282 nobili
1302 2215 1373 2283 uiro
1390 2211 1501 2299 B(ele)

379 2321 454 2391 duci
471 2321 657 2408 Solanonie,
675 2323 816 2390 salutem
833 2327 895 2388 etc.
930 2318 994 2389 Pro
1011 2320 1087 2388 fidei
1103 2323 1238 2408 meritis,
1255 2343 1322 2408 qua
1337 2343 1397 2409 per
1413 2321 1506 2388 Obri-

378 2431 422 2498 sti
436 2421 575 2499 rutilare
590 2431 730 2516 gratiam
748 2429 982 2515 comprobaris,
1010 2438 1044 2497 te
1065 2429 1208 2498 libenter
1232 2415 1373 2518 speciali
1392 2429 1506 2498 lavore

377 2539 616 2624 prosequimur,
643 2545 763 2621 etque
789 2537 848 2604 tibi
875 2538 1129 2624 prosperitatem
1148 2539 1307 2623 adiciant,
1323 2539 1507 2606 liberaliter

377 2647 565 2732 elargimur,
590 2645 685 2713 firma
710 2645 904 2712 credulitate
931 2652 1092 2731 tenentes,
1120 2647 1208 2731 quod
1224 2654 1348 2731 quanto
1365 2649 1506 2731 gratiam

377 2755 587 2843 grandiorem
604 2754 647 2820 ab
664 2754 857 2840 Apostolica
884 2755 972 2822 Sede
995 2755 1194 2840 perceperis,
1220 2763 1312 2822 tanto
1330 2757 1362 2824 ei
1377 2757 1506 2824 ferven-

376 2865 451 2932 tiori
468 2863 576 2930 studio
594 2867 627 2928 et
642 2869 802 2947 oportuno
829 2867 976 2947 tempore
1001 2863 1151 2930 studebis
1178 2861 1332 2931 devotum
1348 2885 1408 2951 per
1426 2863 1505 2930 effc-

378 2977 464 3037 etnm
481 2971 591 3055 operis
609 2969 775 3037 exhibere.
793 2969 879 3038 Hinc
895 2979 956 3055 est,
974 2971 1062 3055 quod
1078 2990 1138 3037 nos
1156 2970 1221 3038 tuis
1239 2979 1272 3037 et
1289 2971 1454 3038 carissimi
1473 2973 1506 3037 in

377 3077 509 3145 cbristo
527 3075 585 3144 filii
600 3077 705 3144 nostri
732 3073 843 3163 B(ele)
871 3076 1019 3161 Ungarie
1036 3079 1135 3162 Regis
1145 3077 1304 3160 illustris,
1322 3079 1430 3164 patris
1447 3082 1506 3165 tui,

377 3183 677 3271 supplicationibus
693 3183 856 3268 inclinati,
872 3205 1051 3270 personam
1067 3192 1157 3251 tuem
1174 3205 1248 3252 cnm
1264 3187 1394 3252 Ducatu
1413 3187 1506 3254 Sela-

376 3293 474 3360 uonie
489 3312 529 3358 ac
546 3290 588 3359 de
604 3291 719 3375 Olcha,
746 3291 788 3357 de
813 3293 956 3376 Bragna,
973 3293 1131 3379 Symigio,
1151 3294 1233 3360 Sala
1250 3299 1283 3359 et
1298 3293 1422 3363 Ferreo
1442 3295 1506 3362 Ca·

377 3402 467 3487 stris,
484 3421 548 3468 nec
564 3419 629 3467 non
645 3399 772 3466 salibus
789 3401 952 3482 aquaticis
977 3399 1020 3467 ad
1032 3399 1208 3494 ¹Duootum
1225 3403 1334 3492 ipsum
1350 3411 1506 3490 spectan-

379 3511 479 3587 tibus,
497 3507 638 3592 aliiuque
654 3506 781 3573 iuribus
807 3513 840 3573 et
864 3508 1071 3592 pertinentiis
1088 3509 1166 3593 suis,
1193 3528 1256 3591 que
1273 3510 1505 3596 impresentia-

376 3637 448 3684 rum
463 3615 704 3683 rationabiliter
720 3620 752 3680 te
768 3613 916 3681 obtinere
932 3618 1098 3703 proponis,
1115 3619 1177 3684 sub
1194 3620 1400 3703 protectione
1417 3627 1505 3708 Apo-

382 3723 500 3792 stolice
516 3721 614 3790 Sedis
632 3729 664 3790 et
680 3727 794 3790 nostra
811 3722 1018 3811 suscipimus,
1044 3725 1225 3793 districtius
1245 3726 1444 3813 inhibentes,
1462 3751 1505 3797 ne

376 3831 451 3917 quis
467 3835 501 3898 te
517 3830 747 3916 persistentem
772 3829 806 3894 in
832 3829 1011 3899 devotione
1026 3832 1116 3899 sedis
1143 3835 1292 3900 eiusdem
1319 3855 1419 3923 super
1437 3837 1505 3906 Du-

376 3947 463 4023 catu,
481 3937 607 4006 Castris
632 3945 665 4007 et
690 3937 766 4003 aliis
782 3939 983 4021 supradictis
1004 3947 1126 4009 temere
1142 3941 1306 4029 impedire
1324 3963 1384 4012 sen
1399 3948 1489 4015 mole

376 4051 465 4116 stare
480 4050 658 4132 presumat.
690 4045 779 4112 Nulli
796 4065 875 4130 ergo
892 4052 957 4113 etc.
973 4056 1082 4116 nostre
1098 4050 1313 4136 protectionis
1331 4057 1364 4118 et
1379 4054 1506 4120 exhibi-

373 4155 473 4223 tionis
488 4164 550 4220 etc.
568 4153 688 4221 Datum
712 4152 802 4236 apud
828 4150 950 4220 Urbem
966 4153 1116 4225 Veterem
1142 4157 1218 4224 XII.
1240 4159 1316 4226 Kal.
1334 4159 1502 4228 Jenuarii.

376 4261 810 4331 Pontificatusnostrianno
826 4262 933 4329 tertio.
1402 4267 1406 4270 ’

484 4437 545 4512 (IV.
560 4437 659 4496 Orbdn
672 4436 752 4511 pdps
764 4437 963 4511 Regesttibot,
976 4437 1104 4498 Thelser
1116 4441 1154 4497 td.
1167 4459 1195 4498 m
1216 4443 1238 4498 1.
1252 4444 1281 4499 lr.
1294 4445 1356 4502 256.
1371 4445 1403 4518 b)

809 4728 1056 4744 ί-ι--η-μ-...ι
