3250 5268
874 401 1035 510 ..ffl-

397 593 581 678 predictam
595 593 693 664 iidem
709 595 758 664 ita
772 596 963 666 ducentibus
978 599 1012 666 in
1028 602 1258 685 contemptum,
1275 598 1363 682 quod
1380 595 1448 684 ipsi
1458 615 1522 661 non

396 702 501 770 solnm
518 702 652 771 adeam
669 707 813 774 converti
822 713 972 794 renuunt,
990 712 1087 791 prout
1103 724 1144 772 ex
1155 707 1316 792 premissa
1332 703 1522 773 conditione

394 814 552 895 tenentur,
580 809 640 878 sed
664 813 812 897 corporis
836 819 870 881 et
893 813 1063 900 sanguinis
1088 813 1254 882 Dominici
1275 815 1522 880 sacramentum

393 918 554 1004 angelicis
590 917 690 986 etiam
727 921 945 1006 potestatibus
980 922 1202 1007 reverendum,
1228 921 1353 992 babere
1383 919 1521 1005 derisui,

396 1027 622 1098 sacerdotibus
648 1027 844 1098 christianis
870 1027 1027 1117 illudere,
1052 1029 1212 1098 ecclesias
1231 1030 1265 1096 in
1281 1029 1416 1098 stabula
1433 1047 1519 1095 corn·

395 1142 531 1224 mamre,
548 1157 588 1206 ac
603 1138 702 1205 etiam
718 1139 938 1226 prophanare,
964 1157 1025 1207 nec
1051 1159 1116 1206 uon
1135 1137 1352 1226 turpitudines
1368 1135 1521 1205 horridas

396 1249 431 1314 et
454 1244 650 1332 nephandas
680 1245 787 1313 ineis
817 1253 1008 1334 perpetrare
1035 1251 1243 1334 presumunt:
1265 1265 1384 1314 uxores
1408 1251 1521 1314 autem
1616 1313 1622 1322 ,

396 1351 655 1422 Obistrianorum
670 1361 703 1422 et
719 1352 864 1441 virgines
880 1355 1030 1441 abasque
1053 1356 1179 1423 solutas
1194 1353 1348 1422 mulieres
1363 1355 1406 1422 de
1422 1373 1520 1421 sacro

292 1445 302 1462 “
396 1465 486 1533 sonte
502 1469 636 1531 renatas
652 1461 684 1528 vi
706 1463 902 1550 opprimunt,
927 1483 968 1530 ao
993 1463 1041 1530 eis
1056 1464 1207 1547 nequiter
1221 1463 1410 1549 abutuntur,
1428 1461 1520 1530 cbri-

395 1571 519 1640 stianos
535 1571 659 1657 passim
676 1577 709 1640 et
725 1570 950 1640 indifferenter
975 1573 1145 1657 perimunt,
1162 1570 1192 1639 si
1208 1591 1229 1638 a
1244 1571 1375 1641 nemine
1390 1571 1424 1638 in
1442 1571 1521 1639 talia

394 1682 643 1770 perpetraeione
659 1678 776 1766 flagitii
790 1680 974 1764 videantur,
994 1681 1127 1766 aliaque
1142 1689 1211 1750 tam
1227 1677 1360 1748 horrida
1376 1699 1438 1748 seu
1454 1686 1521 1747 ter·

393 1792 588 1860 ribiliavIsu
604 1793 638 1856 ct
653 1787 789 1874 indigna
813 1787 920 1857 relatu
945 1789 1159 1873 committunt,
1185 1785 1273 1872 quod
1287 1787 1322 1854 in
1337 1787 1399 1855 illa
1422 1793 1522 1874 parte

393 1899 500 1985 Regni
515 1895 662 1985 predicti,
680 1913 744 1982 que
760 1895 802 1965 de
818 1897 959 1982 ipsorum
986 1897 1184 1983 contagiosa
1207 1895 1383 1982 presencia
1406 1914 1520 1963 macu-

392 2011 490 2089 latur,
505 2006 587 2074 fides
602 2005 732 2090 labitur,
759 2004 896 2072 libertas
922 2007 1133 2074 conculcatur
1157 2002 1318 2089 Ecclesie,
1342 2003 1523 2087 multisque

392 2113 557 2204 pressuris
573 2117 607 2180 et
628 2110 811 2198 dispendiis
838 2112 941 2198 Regio
965 2113 1133 2181 serenitas
1158 2111 1302 2181 afficitur
1326 2111 1523 2198 dignitatis,

392 2227 526 2310 propter
542 2220 629 2306 quod
645 2219 792 2286 imminet
807 2239 872 2287 uon
888 2217 1048 2288 immelito
1063 2217 1326 2305 formidandum,
1351 2238 1394 2287 ne
1410 2217 1523 2305 prefa-

391 2339 460 2398 tum
484 2331 630 2414 Regnum
655 2345 813 2413 processu
837 2325 996 2414 temporis
1022 2327 1157 2395 caderet
1181 2349 1203 2396 a
1227 2327 1323 2397 titulo
1346 2325 1523 2396 catholice

391 2437 563 2518 claritatis,
580 2436 620 2520 si,
636 2434 724 2520 qnod
739 2434 834 2519 absit,
861 2435 1018 2523 spurcitia
1042 2434 1212 2520 gentilium
1227 2435 1274 2504 ibi
1289 2453 1350 2522 pro
1365 2455 1426 2504 suo
1441 2440 1522 2500 voto

390 2545 595 2633 dampnabili
610 2545 794 2630 susciperet
809 2541 1053 2610 incrementum.
1085 2543 1197 2623 Quare
1213 2565 1273 2630 pro
1290 2547 1386 2630 parte
1402 2559 1522 2630 supra·

389 2652 468 2721 dicti
484 2652 584 2738 Regis
600 2651 760 2720 instanter
784 2651 960 2737 petebatur
984 2671 1006 2717 a
1030 2651 1135 2734 nobis,
1151 2657 1188 2719 ut
1203 2670 1305 2737 super
1320 2650 1386 2717 biis
1402 2649 1518 2735 provi·

389 2763 468 2830 dere
492 2759 534 2828 de
559 2765 743 2846 opportuno
769 2756 906 2826 consilio
933 2763 966 2824 et
991 2757 1111 2826 festino
1140 2758 1287 2828 subsidio
1314 2776 1521 2827 curaremus.
1589 2781 1601 2802 ·

389 2871 471 2938 (lum
487 2869 598 2952 itaquo
613 2866 795 2953 Apostolioi
811 2865 997 2936 sollicitudo
1014 2865 1173 2952 deposcat
1189 2865 1291 2936 offroii
1307 2885 1408 2951 super
1423 2871 1523 2934 tanta

388 2975 580 3044 diversitate
607 2973 826 3042 discriminum
863 2973 971 3040 celere
994 2991 1037 3042 ac
1061 2975 1195 3042 salubre
1219 2974 1399 3044 remedium
1424 2973 1521 3043 adbi-

387 3084 484 3168 bere;
501 3102 563 3150 nos
578 3083 634 3167 qui
650 3081 824 3168 potissime
839 3081 873 3147 in
889 3087 997 3153 mento
1010 3083 1165 3168 gerimus,
1181 3090 1217 3151 ut
1233 3099 1298 3168 que
1314 3083 1521 3152 adsalutem

386 3189 531 3258 fidelium
546 3194 621 3257 sunt
637 3189 801 3256 Divinitns
825 3188 984 3274 instituta,
1006 3191 1041 3258 in
1060 3210 1121 3259 suo
1137 3191 1256 3260 robore
1272 3208 1523 3277 conservemus,

383 3295 556 3365 affectibus
581 3295 787 3382 procurando
812 3298 972 3383 promptis
1004 3305 1038 3365 et
1069 3299 1204 3384 liberis,
1237 3307 1273 3366 ut
1312 3305 1523 3367 evanescant

386 3404 508 3490 omnia,
525 3424 590 3488 que
605 3402 724 3471 Divinc
739 3411 815 3470 sunt
830 3405 984 3491 opposita
1010 3405 1220 3492 beneplacito
1236 3406 1437 3492 Maiestatis,
1453 3406 1522 3474 fra·

385 3511 532 3579 ternitati
555 3515 666 3577 vestre
691 3528 750 3593 per
776 3509 970 3595 Apostolioa
994 3513 1121 3599 scripta
1136 3513 1171 3580 in
1186 3512 1308 3582 virtute
1324 3513 1523 3582 obedientie

385 3619 447 3688 sub
472 3615 817 3686 excommunicationis
842 3637 932 3703 pena
956 3619 1104 3690 districte
1129 3622 1345 3709 precipiendo
1376 3623 1519 3693 manda·

384 3745 467 3810 mus,
483 3730 655 3810 qnatenus,
679 3725 709 3792 si
734 3725 896 3810 premissa
924 3727 1065 3796 veritate
1088 3729 1245 3812 nituntur,
1261 3749 1322 3799 vos
1347 3731 1403 3800 vel
1429 3733 1521 3800 alter

383 3839 526 3901 vostrum
544 3832 714 3900 universos
730 3834 893 3901 cumanos
905 3837 1071 3920 predictos
1086 3856 1148 3923 per
1162 3857 1223 3907 vos
1239 3844 1299 3908 aut
1314 3839 1412 3926 alios,
1430 3839 1521 3907 sient

383 3939 550 4007 efficacius
565 3939 736 4025 poteritis,
762 3942 935 4026 moneatis,
961 3949 996 4010 ut
1022 3943 1072 4010 illi
1087 3963 1129 4012 ex
1145 3945 1205 4032 eis,
1222 3947 1344 4030 quibus
1361 3948 1521 4034 provenit

382 4043 553 4132 perceptio
577 4045 683 4130 gratie
707 4046 936 4132 baptismalis,
961 4049 1059 4118 fidem
1084 4052 1293 4123 catholicam
1318 4054 1458 4123 firmiter
1485 4060 1520 4122 et

381 4157 568 4220 reverenter
583 4149 776 4238 observent,
793 4155 912 4238 reliqui
930 4177 1006 4225 vero
1023 4158 1111 4228 infra
1126 4167 1252 4229 certum
1270 4163 1449 4230 terminum
1466 4165 1518 4231 eis

380 4279 403 4326 a
419 4265 531 4327 vostra
547 4259 724 4344 prudentia
739 4259 974 4348 prefigendum,
990 4267 1082 4335 iuxta
1094 4267 1317 4338 conditionem
1327 4269 1518 4357 predictam

380 4370 622 4434 sacramentum
635 4357 865 4456 baptismatis,
890 4371 1053 4457 iidemqne
1078 4373 1245 4462 prefatam
1273 4378 1396 4448 devoto
1413 4377 1518 4447 corde

379 4472 547 4557 suscipere
563 4491 629 4540 non
653 4475 816 4563 omittant,
842 4478 999 4565 predictis
1024 4481 1182 4566 nequitiis
1211 4490 1246 4552 et
1268 4483 1410 4570 flagitiis
1428 4505 1452 4553 a
1477 4503 1518 4554 ae

379 4575 509 4656 penitus
523 4577 700 4663 relegatis,
722 4581 768 4652 ita
783 4583 873 4670 quod
888 4585 976 4652 itlius
992 4584 1166 4658 felicitatis
1183 4591 1343 4674 etaloris
1358 4611 1517 4662 merean-

376 4684 431 4748 ω
446 4697 520 4750 ⁰⁸⁵⁰
536 4682 727 4774 Pflfllibeb
742 4689 787 4758 td
811 4709 909 4777 quam
935 4693 1026 4768 iuxta
1052 4695 1300 4787 providentiam
1325 4699 1517 4792 conditoris
