<?xml version="1.0" encoding="UTF-8"?>
<!DOCTYPE html PUBLIC "-//W3C//DTD XHTML 1.0 Transitional//EN"
    "http://www.w3.org/TR/xhtml1/DTD/xhtml1-transitional.dtd">
<html xmlns="http://www.w3.org/1999/xhtml" xml:lang="en" lang="en">
 <head>
  <title>
</title>
<meta http-equiv="Content-Type" content="text/html;charset=utf-8" />
  <meta name='ocr-system' content='tesseract 3.04.00' />
  <meta name='ocr-capabilities' content='ocr_page ocr_carea ocr_par ocr_line ocrx_word'/>
</head>
<body>
  <div class='ocr_page' id='page_1' title='image "./codexdiplomatic07wenzgoog_0281.png"; bbox 0 0 3230 5268; ppageno 0'>
   <div class='ocr_carea' id='block_1_1' title="bbox 602 357 759 467">
    <p class='ocr_par' dir='ltr' id='par_1_1' title="bbox 602 357 759 467">
     <span class='ocr_line' id='line_1_1' title="bbox 602 357 759 467; baseline -0.006 0"><span class='ocrx_word' id='word_1_1' title='bbox 602 357 759 467; x_wconf 56' lang='lat' dir='ltr'>..ee-</span> 
     </span>
    </p>
   </div>
   <div class='ocr_carea' id='block_1_2' title="bbox 102 560 1236 4450">
    <p class='ocr_par' dir='ltr' id='par_1_2' title="bbox 102 560 1236 4450">
     <span class='ocr_line' id='line_1_2' title="bbox 122 560 1236 648; baseline -0.004 -18"><span class='ocrx_word' id='word_1_2' title='bbox 122 581 260 647; x_wconf 84' lang='lat' dir='ltr'>generoe</span> <span class='ocrx_word' id='word_1_3' title='bbox 279 569 425 648; x_wconf 83' lang='lat' dir='ltr'>nostros3</span> <span class='ocrx_word' id='word_1_4' title='bbox 442 564 554 630; x_wconf 81' lang='lat' dir='ltr'>Belem</span> <span class='ocrx_word' id='word_1_5' title='bbox 580 563 701 630; x_wconf 87' lang='lat' dir='ltr'>Dueem</span> <span class='ocrx_word' id='word_1_6' title='bbox 729 563 769 628; x_wconf 89' lang='lat' dir='ltr'>do</span> <span class='ocrx_word' id='word_1_7' title='bbox 794 561 943 629; x_wconf 73' lang='lat' dir='ltr'>bladow</span> <span class='ocrx_word' id='word_1_8' title='bbox 971 565 1005 628; x_wconf 91' lang='lat' dir='ltr'>et</span> <span class='ocrx_word' id='word_1_9' title='bbox 1039 560 1080 627; x_wconf 92' lang='lat' dir='ltr'>de</span> <span class='ocrx_word' id='word_1_10' title='bbox 1116 563 1236 643; x_wconf 83' lang='lat' dir='ltr'>Boane,</span> 
     </span>
     <span class='ocr_line' id='line_1_3' title="bbox 120 665 1234 758; baseline -0.003 -21"><span class='ocrx_word' id='word_1_11' title='bbox 120 669 254 738; x_wconf 82' lang='lat' dir='ltr'>fratrem</span> <span class='ocrx_word' id='word_1_12' title='bbox 271 677 425 758; x_wconf 70' lang='lat' dir='ltr'>nostrum,</span> <span class='ocrx_word' id='word_1_13' title='bbox 446 670 612 739; x_wconf 89' lang='lat' dir='ltr'>Urossium</span> <span class='ocrx_word' id='word_1_14' title='bbox 627 673 748 754; x_wconf 84' lang='lat' dir='ltr'>Regem</span> <span class='ocrx_word' id='word_1_15' title='bbox 766 670 890 754; x_wconf 78' lang='lat' dir='ltr'>Servio,</span> <span class='ocrx_word' id='word_1_16' title='bbox 907 675 939 735; x_wconf 91' lang='lat' dir='ltr'>et</span> <span class='ocrx_word' id='word_1_17' title='bbox 955 666 1155 754; x_wconf 80' lang='lat' dir='ltr'><strong>Stephanum</strong></span> <span class='ocrx_word' id='word_1_18' title='bbox 1171 665 1234 734; x_wconf 89' lang='lat' dir='ltr'>tili·</span> 
     </span>
     <span class='ocr_line' id='line_1_4' title="bbox 119 775 1233 866; baseline -0.001 -21"><span class='ocrx_word' id='word_1_19' title='bbox 119 797 172 847; x_wconf 90' lang='lat' dir='ltr'>um</span> <span class='ocrx_word' id='word_1_20' title='bbox 189 781 271 866; x_wconf 88' lang='lat' dir='ltr'>eins,</span> <span class='ocrx_word' id='word_1_21' title='bbox 283 779 447 866; x_wconf 89' lang='lat' dir='ltr'>juniorem</span> <span class='ocrx_word' id='word_1_22' title='bbox 463 781 584 865; x_wconf 81' lang='lat' dir='ltr'>Regem</span> <span class='ocrx_word' id='word_1_23' title='bbox 602 781 724 864; x_wconf 81' lang='lat' dir='ltr'>Servis,</span> <span class='ocrx_word' id='word_1_24' title='bbox 741 798 896 865; x_wconf 80' lang='lat' dir='ltr'>generum</span> <span class='ocrx_word' id='word_1_25' title='bbox 911 783 1074 864; x_wconf 87' lang='lat' dir='ltr'>nostrum;</span> <span class='ocrx_word' id='word_1_26' title='bbox 1100 775 1233 846; x_wconf 81' lang='lat' dir='ltr'>Sustin-</span> 
     </span>
     <span class='ocr_line' id='line_1_5' title="bbox 118 887 1228 974; baseline -0.003 -19"><span class='ocrx_word' id='word_1_27' title='bbox 118 889 205 956; x_wconf 87' lang='lat' dir='ltr'>laum</span> <span class='ocrx_word' id='word_1_28' title='bbox 223 890 455 974; x_wconf 80' lang='lat' dir='ltr'>Imperatorem</span> <span class='ocrx_word' id='word_1_29' title='bbox 465 889 690 974; x_wconf 88' lang='lat' dir='ltr'>Bulgarorum;</span> <span class='ocrx_word' id='word_1_30' title='bbox 702 894 735 954; x_wconf 89' lang='lat' dir='ltr'>et</span> <span class='ocrx_word' id='word_1_31' title='bbox 745 887 885 954; x_wconf 83' lang='lat' dir='ltr'>Leonem</span> <span class='ocrx_word' id='word_1_32' title='bbox 900 905 1054 972; x_wconf 83' lang='lat' dir='ltr'>generum</span> <span class='ocrx_word' id='word_1_33' title='bbox 1070 891 1228 969; x_wconf 90' lang='lat' dir='ltr'>nostrum,</span> 
     </span>
     <span class='ocr_line' id='line_1_6' title="bbox 119 993 1233 1081; baseline -0.005 -15"><span class='ocrx_word' id='word_1_34' title='bbox 119 997 341 1066; x_wconf 89' lang='lat' dir='ltr'>Rutbenorum</span> <span class='ocrx_word' id='word_1_35' title='bbox 358 999 490 1081; x_wconf 76' lang='lat' dir='ltr'>Ducem,</span> <span class='ocrx_word' id='word_1_36' title='bbox 507 995 682 1064; x_wconf 87' lang='lat' dir='ltr'>Mitizlanm</span> <span class='ocrx_word' id='word_1_37' title='bbox 699 995 831 1062; x_wconf 87' lang='lat' dir='ltr'>fratrem</span> <span class='ocrx_word' id='word_1_38' title='bbox 847 994 1002 1079; x_wconf 72' lang='lat' dir='ltr'>eiusdem,</span> <span class='ocrx_word' id='word_1_39' title='bbox 1019 1001 1052 1061; x_wconf 90' lang='lat' dir='ltr'>et</span> <span class='ocrx_word' id='word_1_40' title='bbox 1066 993 1233 1062; x_wconf 85' lang='lat' dir='ltr'>Waaulem</span> 
     </span>
     <span class='ocr_line' id='line_1_7' title="bbox 119 1103 1233 1188; baseline -0.003 -17"><span class='ocrx_word' id='word_1_41' title='bbox 119 1103 220 1172; x_wconf 82' lang='lat' dir='ltr'>ilium</span> <span class='ocrx_word' id='word_1_42' title='bbox 236 1106 373 1174; x_wconf 85' lang='lat' dir='ltr'>Wauule</span> <span class='ocrx_word' id='word_1_43' title='bbox 389 1106 497 1173; x_wconf 88' lang='lat' dir='ltr'>Duaes</span> <span class='ocrx_word' id='word_1_44' title='bbox 514 1107 707 1172; x_wconf 84' lang='lat' dir='ltr'>Rutenorum</span> <span class='ocrx_word' id='word_1_45' title='bbox 721 1125 728 1187; x_wconf 67' lang='grc' dir='ltr'><strong><em>ς</em></strong></span> <span class='ocrx_word' id='word_1_46' title='bbox 744 1105 892 1188; x_wconf 90' lang='lat' dir='ltr'>aliosque</span> <span class='ocrx_word' id='word_1_47' title='bbox 908 1103 1022 1172; x_wconf 85' lang='lat' dir='ltr'>fideles</span> <span class='ocrx_word' id='word_1_48' title='bbox 1038 1103 1184 1172; x_wconf 82' lang='lat' dir='ltr'>fautores</span> <span class='ocrx_word' id='word_1_49' title='bbox 1200 1109 1233 1170; x_wconf 91' lang='lat' dir='ltr'>et</span> 
     </span>
     <span class='ocr_line' id='line_1_8' title="bbox 116 1213 1233 1300; baseline -0.003 -19"><span class='ocrx_word' id='word_1_50' title='bbox 116 1214 299 1284; x_wconf 69' lang='lat' dir='ltr'>familiares</span> <span class='ocrx_word' id='word_1_51' title='bbox 314 1219 440 1282; x_wconf 90' lang='lat' dir='ltr'>nostros</span> <span class='ocrx_word' id='word_1_52' title='bbox 456 1235 527 1281; x_wconf 90' lang='lat' dir='ltr'>eum</span> <span class='ocrx_word' id='word_1_53' title='bbox 544 1214 629 1299; x_wconf 89' lang='lat' dir='ltr'>filiis,</span> <span class='ocrx_word' id='word_1_54' title='bbox 647 1213 796 1281; x_wconf 90' lang='lat' dir='ltr'>omnibus</span> <span class='ocrx_word' id='word_1_55' title='bbox 812 1213 916 1298; x_wconf 90' lang='lat' dir='ltr'>terris,</span> <span class='ocrx_word' id='word_1_56' title='bbox 941 1213 1075 1300; x_wconf 88' lang='lat' dir='ltr'>Regnis,</span> <span class='ocrx_word' id='word_1_57' title='bbox 1100 1213 1233 1281; x_wconf 89' lang='lat' dir='ltr'>Dueati·</span> 
     </span>
     <span class='ocr_line' id='line_1_9' title="bbox 117 1321 1233 1410; baseline -0.002 -20"><span class='ocrx_word' id='word_1_58' title='bbox 117 1323 187 1407; x_wconf 90' lang='lat' dir='ltr'>bus,</span> <span class='ocrx_word' id='word_1_59' title='bbox 206 1324 329 1391; x_wconf 89' lang='lat' dir='ltr'>iuribus</span> <span class='ocrx_word' id='word_1_60' title='bbox 345 1345 384 1391; x_wconf 91' lang='lat' dir='ltr'>ao</span> <span class='ocrx_word' id='word_1_61' title='bbox 400 1321 664 1410; x_wconf 79' lang='lat' dir='ltr'>possessionibus</span> <span class='ocrx_word' id='word_1_62' title='bbox 681 1321 864 1389; x_wconf 91' lang='lat' dir='ltr'>eorundem.</span> <span class='ocrx_word' id='word_1_63' title='bbox 881 1324 1019 1407; x_wconf 90' lang='lat' dir='ltr'>Insuper</span> <span class='ocrx_word' id='word_1_64' title='bbox 1027 1321 1233 1409; x_wconf 84' lang='lat' dir='ltr'>promisimus</span> 
     </span>
     <span class='ocr_line' id='line_1_10' title="bbox 117 1427 1233 1518; baseline -0.001 -20"><span class='ocrx_word' id='word_1_65' title='bbox 117 1439 148 1500; x_wconf 88' lang='lat' dir='ltr'>et</span> <span class='ocrx_word' id='word_1_66' title='bbox 162 1431 378 1518; x_wconf 81' lang='lat' dir='ltr'>promittimus</span> <span class='ocrx_word' id='word_1_67' title='bbox 395 1434 486 1499; x_wconf 82' lang='lat' dir='ltr'>iuxta</span> <span class='ocrx_word' id='word_1_68' title='bbox 501 1432 645 1518; x_wconf 88' lang='lat' dir='ltr'>ipsorum</span> <span class='ocrx_word' id='word_1_69' title='bbox 660 1433 823 1498; x_wconf 84' lang='lat' dir='ltr'>Beronum</span> <span class='ocrx_word' id='word_1_70' title='bbox 848 1442 1028 1499; x_wconf 89' lang='lat' dir='ltr'>nostrorum</span> <span class='ocrx_word' id='word_1_71' title='bbox 1053 1427 1233 1498; x_wconf 83' lang='lat' dir='ltr'>ordinacio·</span> 
     </span>
     <span class='ocr_line' id='line_1_11' title="bbox 116 1537 1233 1626; baseline -0.002 -19"><span class='ocrx_word' id='word_1_72' title='bbox 116 1560 200 1626; x_wconf 88' lang='lat' dir='ltr'>nem,</span> <span class='ocrx_word' id='word_1_73' title='bbox 218 1539 304 1626; x_wconf 87' lang='lat' dir='ltr'>quod</span> <span class='ocrx_word' id='word_1_74' title='bbox 319 1561 340 1606; x_wconf 92' lang='lat' dir='ltr'>a</span> <span class='ocrx_word' id='word_1_75' title='bbox 355 1539 494 1606; x_wconf 90' lang='lat' dir='ltr'>dominis</span> <span class='ocrx_word' id='word_1_76' title='bbox 510 1539 751 1622; x_wconf 76' lang='lat' dir='ltr'>cardinalibus,</span> <span class='ocrx_word' id='word_1_77' title='bbox 768 1547 907 1607; x_wconf 82' lang='lat' dir='ltr'>vacante</span> <span class='ocrx_word' id='word_1_78' title='bbox 932 1559 1016 1606; x_wconf 92' lang='lat' dir='ltr'>nuno</span> <span class='ocrx_word' id='word_1_79' title='bbox 1032 1537 1119 1608; x_wconf 85' lang='lat' dir='ltr'>Sede</span> <span class='ocrx_word' id='word_1_80' title='bbox 1147 1540 1233 1624; x_wconf 85' lang='lat' dir='ltr'>Apo·</span> 
     </span>
     <span class='ocr_line' id='line_1_12' title="bbox 114 1647 1232 1736; baseline 0 -20"><span class='ocrx_word' id='word_1_81' title='bbox 114 1651 243 1736; x_wconf 79' lang='lat' dir='ltr'>stolioa,</span> <span class='ocrx_word' id='word_1_82' title='bbox 260 1649 491 1734; x_wconf 83' lang='lat' dir='ltr'>obtinebimus,</span> <span class='ocrx_word' id='word_1_83' title='bbox 506 1649 707 1717; x_wconf 85' lang='lat' dir='ltr'>transmissis</span> <span class='ocrx_word' id='word_1_84' title='bbox 723 1651 843 1716; x_wconf 89' lang='lat' dir='ltr'>nostris</span> <span class='ocrx_word' id='word_1_85' title='bbox 860 1647 997 1733; x_wconf 85' lang='lat' dir='ltr'>nunciis,</span> <span class='ocrx_word' id='word_1_86' title='bbox 1014 1647 1232 1717; x_wconf 82' lang='lat' dir='ltr'>confirmacio·</span> 
     </span>
     <span class='ocr_line' id='line_1_13' title="bbox 114 1755 1231 1843; baseline 0 -19"><span class='ocrx_word' id='word_1_87' title='bbox 114 1777 189 1824; x_wconf 89' lang='lat' dir='ltr'>nem</span> <span class='ocrx_word' id='word_1_88' title='bbox 206 1759 300 1842; x_wconf 90' lang='lat' dir='ltr'>paeis</span> <span class='ocrx_word' id='word_1_89' title='bbox 317 1777 401 1824; x_wconf 88' lang='lat' dir='ltr'>nuno</span> <span class='ocrx_word' id='word_1_90' title='bbox 418 1755 522 1842; x_wconf 78' lang='lat' dir='ltr'>faeta,</span> <span class='ocrx_word' id='word_1_91' title='bbox 540 1757 601 1824; x_wconf 89' lang='lat' dir='ltr'>hoo</span> <span class='ocrx_word' id='word_1_92' title='bbox 618 1757 754 1839; x_wconf 84' lang='lat' dir='ltr'>adiecto,</span> <span class='ocrx_word' id='word_1_93' title='bbox 772 1756 858 1838; x_wconf 86' lang='lat' dir='ltr'>qnod</span> <span class='ocrx_word' id='word_1_94' title='bbox 874 1757 977 1824; x_wconf 90' lang='lat' dir='ltr'>nostri</span> <span class='ocrx_word' id='word_1_95' title='bbox 994 1762 1027 1822; x_wconf 90' lang='lat' dir='ltr'>et</span> <span class='ocrx_word' id='word_1_96' title='bbox 1042 1757 1146 1843; x_wconf 90' lang='lat' dir='ltr'>ipsius</span> <span class='ocrx_word' id='word_1_97' title='bbox 1170 1757 1231 1824; x_wconf 87' lang='lat' dir='ltr'>Re·</span> 
     </span>
     <span class='ocr_line' id='line_1_14' title="bbox 113 1863 1231 1954; baseline 0 -21"><span class='ocrx_word' id='word_1_98' title='bbox 113 1867 164 1954; x_wconf 85' lang='lat' dir='ltr'>gia</span> <span class='ocrx_word' id='word_1_99' title='bbox 180 1867 314 1934; x_wconf 89' lang='lat' dir='ltr'>Boemie</span> <span class='ocrx_word' id='word_1_100' title='bbox 329 1866 437 1932; x_wconf 83' lang='lat' dir='ltr'>nuncii</span> <span class='ocrx_word' id='word_1_101' title='bbox 454 1865 542 1932; x_wconf 89' lang='lat' dir='ltr'>eirea</span> <span class='ocrx_word' id='word_1_102' title='bbox 557 1864 673 1932; x_wconf 84' lang='lat' dir='ltr'>festum</span> <span class='ocrx_word' id='word_1_103' title='bbox 689 1863 806 1932; x_wconf 89' lang='lat' dir='ltr'>Saneti</span> <span class='ocrx_word' id='word_1_104' title='bbox 823 1863 994 1931; x_wconf 88' lang='lat' dir='ltr'>Miobaelis</span> <span class='ocrx_word' id='word_1_105' title='bbox 1018 1884 1104 1931; x_wconf 89' lang='lat' dir='ltr'>nuno</span> <span class='ocrx_word' id='word_1_106' title='bbox 1118 1873 1231 1933; x_wconf 84' lang='lat' dir='ltr'>rentu-</span> 
     </span>
     <span class='ocr_line' id='line_1_15' title="bbox 112 1973 1231 2062; baseline 0.002 -19"><span class='ocrx_word' id='word_1_107' title='bbox 112 1995 183 2043; x_wconf 88' lang='lat' dir='ltr'>rum</span> <span class='ocrx_word' id='word_1_108' title='bbox 200 1977 263 2043; x_wconf 90' lang='lat' dir='ltr'>iter</span> <span class='ocrx_word' id='word_1_109' title='bbox 279 1974 446 2062; x_wconf 80' lang='lat' dir='ltr'>arripient,</span> <span class='ocrx_word' id='word_1_110' title='bbox 463 1981 496 2040; x_wconf 90' lang='lat' dir='ltr'>et</span> <span class='ocrx_word' id='word_1_111' title='bbox 521 1978 553 2041; x_wconf 94' lang='lat' dir='ltr'>in</span> <span class='ocrx_word' id='word_1_112' title='bbox 579 1973 663 2042; x_wconf 83' lang='lat' dir='ltr'>leste</span> <span class='ocrx_word' id='word_1_113' title='bbox 689 1973 839 2041; x_wconf 90' lang='lat' dir='ltr'>Omnium</span> <span class='ocrx_word' id='word_1_114' title='bbox 865 1974 1058 2042; x_wconf 83' lang='lat' dir='ltr'>Sanctorum</span> <span class='ocrx_word' id='word_1_115' title='bbox 1083 1975 1231 2061; x_wconf 87' lang='lat' dir='ltr'>proximo</span> 
     </span>
     <span class='ocr_line' id='line_1_16' title="bbox 112 2082 1231 2170; baseline -0.002 -18"><span class='ocrx_word' id='word_1_116' title='bbox 112 2085 261 2168; x_wconf 83' lang='lat' dir='ltr'>sequenti</span> <span class='ocrx_word' id='word_1_117' title='bbox 277 2103 314 2151; x_wconf 91' lang='lat' dir='ltr'>se</span> <span class='ocrx_word' id='word_1_118' title='bbox 330 2083 531 2150; x_wconf 91' lang='lat' dir='ltr'>dominorum</span> <span class='ocrx_word' id='word_1_119' title='bbox 548 2082 766 2150; x_wconf 71' lang='lat' dir='ltr'>cardinalium</span> <span class='ocrx_word' id='word_1_120' title='bbox 785 2083 972 2170; x_wconf 81' lang='lat' dir='ltr'>conspectui</span> <span class='ocrx_word' id='word_1_121' title='bbox 989 2083 1231 2168; x_wconf 73' lang='lat' dir='ltr'>presentatum,</span> 
     </span>
     <span class='ocr_line' id='line_1_17' title="bbox 113 2190 1229 2276; baseline 0.001 -16"><span class='ocrx_word' id='word_1_122' title='bbox 113 2199 147 2260; x_wconf 86' lang='lat' dir='ltr'>et</span> <span class='ocrx_word' id='word_1_123' title='bbox 163 2191 446 2260; x_wconf 79' lang='lat' dir='ltr'>confirmacionem</span> <span class='ocrx_word' id='word_1_124' title='bbox 474 2193 594 2258; x_wconf 88' lang='lat' dir='ltr'>nostris</span> <span class='ocrx_word' id='word_1_125' title='bbox 619 2190 799 2276; x_wconf 87' lang='lat' dir='ltr'>sumptibus</span> <span class='ocrx_word' id='word_1_126' title='bbox 825 2197 857 2255; x_wconf 91' lang='lat' dir='ltr'>et</span> <span class='ocrx_word' id='word_1_127' title='bbox 883 2191 1035 2276; x_wconf 84' lang='lat' dir='ltr'>expensis</span> <span class='ocrx_word' id='word_1_128' title='bbox 1062 2191 1229 2260; x_wconf 87' lang='lat' dir='ltr'>obtentam</span> 
     </span>
     <span class='ocr_line' id='line_1_18' title="bbox 111 2297 1226 2387; baseline -0.002 -19"><span class='ocrx_word' id='word_1_129' title='bbox 111 2301 267 2369; x_wconf 84' lang='lat' dir='ltr'>laniamus</span> <span class='ocrx_word' id='word_1_130' title='bbox 284 2301 348 2387; x_wconf 91' lang='lat' dir='ltr'>ipsi</span> <span class='ocrx_word' id='word_1_131' title='bbox 363 2299 445 2385; x_wconf 83' lang='lat' dir='ltr'>Regi</span> <span class='ocrx_word' id='word_1_132' title='bbox 461 2301 592 2368; x_wconf 88' lang='lat' dir='ltr'>Boemie</span> <span class='ocrx_word' id='word_1_133' title='bbox 610 2297 781 2383; x_wconf 89' lang='lat' dir='ltr'>assignari.</span> <span class='ocrx_word' id='word_1_134' title='bbox 794 2297 880 2364; x_wconf 91' lang='lat' dir='ltr'>ldem</span> <span class='ocrx_word' id='word_1_135' title='bbox 896 2305 1003 2364; x_wconf 85' lang='lat' dir='ltr'>autem</span> <span class='ocrx_word' id='word_1_136' title='bbox 1022 2302 1090 2367; x_wconf 84' lang='lat' dir='ltr'>Rex</span> <span class='ocrx_word' id='word_1_137' title='bbox 1107 2319 1164 2386; x_wconf 88' lang='lat' dir='ltr'>per</span> <span class='ocrx_word' id='word_1_138' title='bbox 1175 2319 1226 2366; x_wconf 90' lang='lat' dir='ltr'>su-</span> 
     </span>
     <span class='ocr_line' id='line_1_19' title="bbox 113 2404 1230 2494; baseline -0.003 -16"><span class='ocrx_word' id='word_1_139' title='bbox 113 2429 150 2478; x_wconf 87' lang='lat' dir='ltr'>os</span> <span class='ocrx_word' id='word_1_140' title='bbox 165 2409 302 2476; x_wconf 90' lang='lat' dir='ltr'>nnuoius</span> <span class='ocrx_word' id='word_1_141' title='bbox 318 2408 507 2494; x_wconf 87' lang='lat' dir='ltr'>impetrabit</span> <span class='ocrx_word' id='word_1_142' title='bbox 523 2407 709 2474; x_wconf 85' lang='lat' dir='ltr'>consimiles</span> <span class='ocrx_word' id='word_1_143' title='bbox 726 2404 988 2473; x_wconf 83' lang='lat' dir='ltr'>confirmaoionis</span> <span class='ocrx_word' id='word_1_144' title='bbox 1003 2408 1142 2490; x_wconf 87' lang='lat' dir='ltr'>litteras,</span> <span class='ocrx_word' id='word_1_145' title='bbox 1160 2409 1230 2476; x_wconf 86' lang='lat' dir='ltr'>suis</span> 
     </span>
     <span class='ocr_line' id='line_1_20' title="bbox 111 2513 1229 2604; baseline -0.002 -20"><span class='ocrx_word' id='word_1_146' title='bbox 111 2519 265 2604; x_wconf 85' lang='lat' dir='ltr'>expensis</span> <span class='ocrx_word' id='word_1_147' title='bbox 281 2524 313 2584; x_wconf 90' lang='lat' dir='ltr'>et</span> <span class='ocrx_word' id='word_1_148' title='bbox 329 2513 508 2601; x_wconf 87' lang='lat' dir='ltr'>sumptibus</span> <span class='ocrx_word' id='word_1_149' title='bbox 526 2513 619 2580; x_wconf 89' lang='lat' dir='ltr'>uobis</span> <span class='ocrx_word' id='word_1_150' title='bbox 636 2513 774 2580; x_wconf 65' lang='lat' dir='ltr'>alaudas.</span> <span class='ocrx_word' id='word_1_151' title='bbox 793 2514 912 2582; x_wconf 87' lang='lat' dir='ltr'>(lreato</span> <span class='ocrx_word' id='word_1_152' title='bbox 928 2534 1005 2580; x_wconf 84' lang='lat' dir='ltr'>vero</span> <span class='ocrx_word' id='word_1_153' title='bbox 1030 2514 1131 2604; x_wconf 88' lang='lat' dir='ltr'>Papa,</span> <span class='ocrx_word' id='word_1_154' title='bbox 1151 2535 1229 2582; x_wconf 88' lang='lat' dir='ltr'>eon·</span> 
     </span>
     <span class='ocr_line' id='line_1_21' title="bbox 111 2622 1228 2692; baseline 0.001 -2"><span class='ocrx_word' id='word_1_155' title='bbox 111 2623 330 2692; x_wconf 84' lang='lat' dir='ltr'>firmaeionem</span> <span class='ocrx_word' id='word_1_156' title='bbox 347 2625 407 2692; x_wconf 89' lang='lat' dir='ltr'>sub</span> <span class='ocrx_word' id='word_1_157' title='bbox 424 2623 521 2690; x_wconf 89' lang='lat' dir='ltr'>simili</span> <span class='ocrx_word' id='word_1_158' title='bbox 548 2623 776 2692; x_wconf 77' lang='lat' dir='ltr'>vicissitudine</span> <span class='ocrx_word' id='word_1_159' title='bbox 802 2622 952 2689; x_wconf 86' lang='lat' dir='ltr'>alterutri</span> <span class='ocrx_word' id='word_1_160' title='bbox 977 2630 1123 2690; x_wconf 90' lang='lat' dir='ltr'>nostrum</span> <span class='ocrx_word' id='word_1_161' title='bbox 1149 2623 1228 2691; x_wconf 90' lang='lat' dir='ltr'>dan·</span> 
     </span>
     <span class='ocr_line' id='line_1_22' title="bbox 110 2730 1227 2818; baseline 0 -18"><span class='ocrx_word' id='word_1_162' title='bbox 110 2734 185 2800; x_wconf 90' lang='lat' dir='ltr'>dam</span> <span class='ocrx_word' id='word_1_163' title='bbox 202 2732 369 2814; x_wconf 79' lang='lat' dir='ltr'>iaciemus,</span> <span class='ocrx_word' id='word_1_164' title='bbox 385 2733 544 2817; x_wconf 87' lang='lat' dir='ltr'>largiente</span> <span class='ocrx_word' id='word_1_165' title='bbox 570 2731 721 2814; x_wconf 87' lang='lat' dir='ltr'>Domino,</span> <span class='ocrx_word' id='word_1_166' title='bbox 738 2730 914 2818; x_wconf 87' lang='lat' dir='ltr'>impetrari.</span> <span class='ocrx_word' id='word_1_167' title='bbox 942 2733 1095 2818; x_wconf 89' lang='lat' dir='ltr'>Dnmpna</span> <span class='ocrx_word' id='word_1_168' title='bbox 1119 2740 1227 2800; x_wconf 89' lang='lat' dir='ltr'>autem</span> 
     </span>
     <span class='ocr_line' id='line_1_23' title="bbox 109 2839 1227 2926; baseline 0 -18"><span class='ocrx_word' id='word_1_169' title='bbox 109 2841 199 2908; x_wconf 88' lang='lat' dir='ltr'>illata</span> <span class='ocrx_word' id='word_1_170' title='bbox 214 2839 290 2908; x_wconf 88' lang='lat' dir='ltr'>hine</span> <span class='ocrx_word' id='word_1_171' title='bbox 302 2841 377 2907; x_wconf 91' lang='lat' dir='ltr'>inde</span> <span class='ocrx_word' id='word_1_172' title='bbox 390 2839 662 2926; x_wconf 80' lang='lat' dir='ltr'>compensaoione</span> <span class='ocrx_word' id='word_1_173' title='bbox 685 2845 799 2905; x_wconf 88' lang='lat' dir='ltr'>mutua</span> <span class='ocrx_word' id='word_1_174' title='bbox 814 2844 891 2907; x_wconf 89' lang='lat' dir='ltr'>sunt</span> <span class='ocrx_word' id='word_1_175' title='bbox 906 2839 1046 2922; x_wconf 87' lang='lat' dir='ltr'>sublata,</span> <span class='ocrx_word' id='word_1_176' title='bbox 1064 2841 1155 2909; x_wconf 84' lang='lat' dir='ltr'>iuxta</span> <span class='ocrx_word' id='word_1_177' title='bbox 1180 2861 1227 2910; x_wconf 90' lang='lat' dir='ltr'>or-</span> 
     </span>
     <span class='ocr_line' id='line_1_24' title="bbox 109 2947 1229 3036; baseline 0 -18"><span class='ocrx_word' id='word_1_178' title='bbox 109 2949 313 3018; x_wconf 77' lang='lat' dir='ltr'>dinacionem</span> <span class='ocrx_word' id='word_1_179' title='bbox 330 2950 439 3035; x_wconf 90' lang='lat' dir='ltr'>sepius</span> <span class='ocrx_word' id='word_1_180' title='bbox 464 2956 685 3016; x_wconf 90' lang='lat' dir='ltr'>memoratam.</span> <span class='ocrx_word' id='word_1_181' title='bbox 712 2947 757 3015; x_wconf 89' lang='lat' dir='ltr'>Ut</span> <span class='ocrx_word' id='word_1_182' title='bbox 773 2947 871 3032; x_wconf 89' lang='lat' dir='ltr'>igitur</span> <span class='ocrx_word' id='word_1_183' title='bbox 897 2948 1057 3036; x_wconf 88' lang='lat' dir='ltr'>premissa</span> <span class='ocrx_word' id='word_1_184' title='bbox 1073 2951 1229 3018; x_wconf 86' lang='lat' dir='ltr'>universa</span> 
     </span>
     <span class='ocr_line' id='line_1_25' title="bbox 109 3057 1228 3146; baseline -0.001 -18"><span class='ocrx_word' id='word_1_185' title='bbox 109 3067 142 3128; x_wconf 86' lang='lat' dir='ltr'>et</span> <span class='ocrx_word' id='word_1_186' title='bbox 156 3059 288 3146; x_wconf 88' lang='lat' dir='ltr'>singula</span> <span class='ocrx_word' id='word_1_187' title='bbox 304 3080 362 3145; x_wconf 92' lang='lat' dir='ltr'>per</span> <span class='ocrx_word' id='word_1_188' title='bbox 377 3079 437 3126; x_wconf 91' lang='lat' dir='ltr'>uos</span> <span class='ocrx_word' id='word_1_189' title='bbox 454 3057 690 3126; x_wconf 88' lang='lat' dir='ltr'>inviolabiliter</span> <span class='ocrx_word' id='word_1_190' title='bbox 706 3060 926 3144; x_wconf 88' lang='lat' dir='ltr'>observentur,</span> <span class='ocrx_word' id='word_1_191' title='bbox 944 3077 1004 3124; x_wconf 89' lang='lat' dir='ltr'>nee</span> <span class='ocrx_word' id='word_1_192' title='bbox 1030 3058 1228 3128; x_wconf 82' lang='lat' dir='ltr'>successivo-</span> 
     </span>
     <span class='ocr_line' id='line_1_26' title="bbox 108 3167 1226 3252; baseline 0.001 -19"><span class='ocrx_word' id='word_1_193' title='bbox 108 3187 177 3234; x_wconf 88' lang='lat' dir='ltr'>rum</span> <span class='ocrx_word' id='word_1_194' title='bbox 195 3169 377 3234; x_wconf 85' lang='lat' dir='ltr'>mutacione</span> <span class='ocrx_word' id='word_1_195' title='bbox 403 3174 587 3252; x_wconf 90' lang='lat' dir='ltr'>temporum</span> <span class='ocrx_word' id='word_1_196' title='bbox 613 3167 746 3252; x_wconf 80' lang='lat' dir='ltr'>infringi</span> <span class='ocrx_word' id='word_1_197' title='bbox 771 3167 916 3252; x_wconf 85' lang='lat' dir='ltr'>valeant,</span> <span class='ocrx_word' id='word_1_198' title='bbox 941 3167 995 3233; x_wconf 88' lang='lat' dir='ltr'>vel</span> <span class='ocrx_word' id='word_1_199' title='bbox 1019 3167 1226 3252; x_wconf 85' lang='lat' dir='ltr'>aliquatenus</span> 
     </span>
     <span class='ocr_line' id='line_1_27' title="bbox 108 3273 1226 3362; baseline -0.002 -20"><span class='ocrx_word' id='word_1_200' title='bbox 108 3275 273 3362; x_wconf 78' lang='lat' dir='ltr'>vacillare,</span> <span class='ocrx_word' id='word_1_201' title='bbox 291 3275 468 3343; x_wconf 82' lang='lat' dir='ltr'>iuravimus</span> <span class='ocrx_word' id='word_1_202' title='bbox 485 3283 517 3344; x_wconf 88' lang='lat' dir='ltr'>et</span> <span class='ocrx_word' id='word_1_203' title='bbox 532 3276 677 3342; x_wconf 91' lang='lat' dir='ltr'>iuramus</span> <span class='ocrx_word' id='word_1_204' title='bbox 693 3275 792 3342; x_wconf 80' lang='lat' dir='ltr'>tantis</span> <span class='ocrx_word' id='word_1_205' title='bbox 808 3274 1034 3342; x_wconf 86' lang='lat' dir='ltr'>Saerosanotis</span> <span class='ocrx_word' id='word_1_206' title='bbox 1051 3273 1226 3360; x_wconf 83' lang='lat' dir='ltr'>corporali·</span> 
     </span>
     <span class='ocr_line' id='line_1_28' title="bbox 104 3381 1225 3470; baseline -0.001 -18"><span class='ocrx_word' id='word_1_207' title='bbox 104 3391 153 3453; x_wconf 88' lang='lat' dir='ltr'>tar</span> <span class='ocrx_word' id='word_1_208' title='bbox 168 3384 371 3470; x_wconf 79' lang='lat' dir='ltr'>Evangeliis,</span> <span class='ocrx_word' id='word_1_209' title='bbox 388 3385 557 3450; x_wconf 89' lang='lat' dir='ltr'>multorum</span> <span class='ocrx_word' id='word_1_210' title='bbox 572 3382 762 3450; x_wconf 83' lang='lat' dir='ltr'>Senatorum</span> <span class='ocrx_word' id='word_1_211' title='bbox 778 3382 931 3466; x_wconf 88' lang='lat' dir='ltr'>reliquiis,</span> <span class='ocrx_word' id='word_1_212' title='bbox 950 3389 984 3450; x_wconf 91' lang='lat' dir='ltr'>et</span> <span class='ocrx_word' id='word_1_213' title='bbox 999 3381 1125 3451; x_wconf 81' lang='lat' dir='ltr'>vivifiea</span> <span class='ocrx_word' id='word_1_214' title='bbox 1149 3383 1225 3451; x_wconf 81' lang='lat' dir='ltr'>Gru·</span> 
     </span>
     <span class='ocr_line' id='line_1_29' title="bbox 105 3490 1221 3579; baseline -0.001 -19"><span class='ocrx_word' id='word_1_215' title='bbox 105 3492 153 3560; x_wconf 89' lang='lat' dir='ltr'>eis</span> <span class='ocrx_word' id='word_1_216' title='bbox 168 3493 271 3579; x_wconf 89' lang='lat' dir='ltr'>ligno,</span> <span class='ocrx_word' id='word_1_217' title='bbox 282 3499 318 3560; x_wconf 90' lang='lat' dir='ltr'>ut</span> <span class='ocrx_word' id='word_1_218' title='bbox 330 3502 552 3574; x_wconf 88' lang='lat' dir='ltr'>transgressor</span> <span class='ocrx_word' id='word_1_219' title='bbox 568 3493 800 3578; x_wconf 90' lang='lat' dir='ltr'>promissorum</span> <span class='ocrx_word' id='word_1_220' title='bbox 810 3499 945 3578; x_wconf 87' lang='lat' dir='ltr'>propter</span> <span class='ocrx_word' id='word_1_221' title='bbox 957 3490 1089 3558; x_wconf 84' lang='lat' dir='ltr'>infamia</span> <span class='ocrx_word' id='word_1_222' title='bbox 1102 3498 1221 3574; x_wconf 90' lang='lat' dir='ltr'>notam,</span> 
     </span>
     <span class='ocr_line' id='line_1_30' title="bbox 106 3597 1224 3686; baseline -0.004 -18"><span class='ocrx_word' id='word_1_223' title='bbox 106 3621 204 3686; x_wconf 86' lang='lat' dir='ltr'>quam</span> <span class='ocrx_word' id='word_1_224' title='bbox 221 3621 262 3669; x_wconf 83' lang='lat' dir='ltr'>ex</span> <span class='ocrx_word' id='word_1_225' title='bbox 279 3601 539 3686; x_wconf 86' lang='lat' dir='ltr'>transgressione</span> <span class='ocrx_word' id='word_1_226' title='bbox 556 3601 727 3668; x_wconf 89' lang='lat' dir='ltr'>iuramenti</span> <span class='ocrx_word' id='word_1_227' title='bbox 753 3601 905 3676; x_wconf 82' lang='lat' dir='ltr'>incurret,</span> <span class='ocrx_word' id='word_1_228' title='bbox 920 3597 1040 3666; x_wconf 87' lang='lat' dir='ltr'>Divino</span> <span class='ocrx_word' id='word_1_229' title='bbox 1056 3597 1224 3668; x_wconf 90' lang='lat' dir='ltr'>aurimoni·</span> 
     </span>
     <span class='ocr_line' id='line_1_31' title="bbox 106 3707 1226 3795; baseline -0.004 -17"><span class='ocrx_word' id='word_1_230' title='bbox 106 3731 156 3778; x_wconf 84' lang='lat' dir='ltr'>aur</span> <span class='ocrx_word' id='word_1_231' title='bbox 175 3711 306 3778; x_wconf 79' lang='lat' dir='ltr'>senciat</span> <span class='ocrx_word' id='word_1_232' title='bbox 322 3709 470 3795; x_wconf 82' lang='lat' dir='ltr'>ulcionis,</span> <span class='ocrx_word' id='word_1_233' title='bbox 491 3717 523 3776; x_wconf 89' lang='lat' dir='ltr'>ut</span> <span class='ocrx_word' id='word_1_234' title='bbox 541 3729 611 3775; x_wconf 87' lang='lat' dir='ltr'>oum</span> <span class='ocrx_word' id='word_1_235' title='bbox 629 3707 746 3793; x_wconf 87' lang='lat' dir='ltr'>Obore,</span> <span class='ocrx_word' id='word_1_236' title='bbox 764 3707 874 3774; x_wconf 89' lang='lat' dir='ltr'>Datan</span> <span class='ocrx_word' id='word_1_237' title='bbox 891 3717 924 3774; x_wconf 91' lang='lat' dir='ltr'>et</span> <span class='ocrx_word' id='word_1_238' title='bbox 939 3708 1073 3792; x_wconf 84' lang='lat' dir='ltr'>Abyron</span> <span class='ocrx_word' id='word_1_239' title='bbox 1088 3707 1226 3792; x_wconf 83' lang='lat' dir='ltr'>recipiat</span> 
     </span>
     <span class='ocr_line' id='line_1_32' title="bbox 103 3815 1225 3906; baseline -0.004 -19"><span class='ocrx_word' id='word_1_240' title='bbox 103 3821 302 3906; x_wconf 79' lang='lat' dir='ltr'>porcionem,</span> <span class='ocrx_word' id='word_1_241' title='bbox 321 3819 382 3886; x_wconf 91' lang='lat' dir='ltr'>Dei</span> <span class='ocrx_word' id='word_1_242' title='bbox 399 3816 635 3902; x_wconf 90' lang='lat' dir='ltr'>Omnipotentls</span> <span class='ocrx_word' id='word_1_243' title='bbox 652 3823 683 3882; x_wconf 92' lang='lat' dir='ltr'>et</span> <span class='ocrx_word' id='word_1_244' title='bbox 708 3816 851 3901; x_wconf 90' lang='lat' dir='ltr'>gloriose</span> <span class='ocrx_word' id='word_1_245' title='bbox 867 3815 1011 3900; x_wconf 88' lang='lat' dir='ltr'>Virginis</span> <span class='ocrx_word' id='word_1_246' title='bbox 1036 3823 1068 3882; x_wconf 90' lang='lat' dir='ltr'>et</span> <span class='ocrx_word' id='word_1_247' title='bbox 1092 3817 1225 3884; x_wconf 85' lang='lat' dir='ltr'>Sancto-</span> 
     </span>
     <span class='ocr_line' id='line_1_33' title="bbox 103 3923 1224 4010; baseline -0.002 -16"><span class='ocrx_word' id='word_1_248' title='bbox 103 3947 173 3994; x_wconf 90' lang='lat' dir='ltr'>rum</span> <span class='ocrx_word' id='word_1_249' title='bbox 200 3929 338 3995; x_wconf 90' lang='lat' dir='ltr'>0mnium</span> <span class='ocrx_word' id='word_1_250' title='bbox 365 3927 531 4010; x_wconf 85' lang='lat' dir='ltr'>suffragiis</span> <span class='ocrx_word' id='word_1_251' title='bbox 557 3925 739 3994; x_wconf 90' lang='lat' dir='ltr'>destitutus.</span> <span class='ocrx_word' id='word_1_252' title='bbox 765 3928 803 3994; x_wconf 91' lang='lat' dir='ltr'>In</span> <span class='ocrx_word' id='word_1_253' title='bbox 829 3925 917 3993; x_wconf 85' lang='lat' dir='ltr'>cuins</span> <span class='ocrx_word' id='word_1_254' title='bbox 942 3925 990 3990; x_wconf 83' lang='lat' dir='ltr'>rei</span> <span class='ocrx_word' id='word_1_255' title='bbox 1005 3923 1224 3994; x_wconf 89' lang='lat' dir='ltr'>testimonium</span> 
     </span>
     <span class='ocr_line' id='line_1_34' title="bbox 104 4033 1224 4124; baseline -0.002 -19"><span class='ocrx_word' id='word_1_256' title='bbox 104 4053 142 4105; x_wconf 86' lang='lat' dir='ltr'>ae</span> <span class='ocrx_word' id='word_1_257' title='bbox 157 4044 350 4124; x_wconf 87' lang='lat' dir='ltr'>perpetuam</span> <span class='ocrx_word' id='word_1_258' title='bbox 367 4036 567 4122; x_wconf 88' lang='lat' dir='ltr'>memoriam,</span> <span class='ocrx_word' id='word_1_259' title='bbox 586 4055 625 4102; x_wconf 88' lang='lat' dir='ltr'>ao</span> <span class='ocrx_word' id='word_1_260' title='bbox 641 4035 802 4102; x_wconf 90' lang='lat' dir='ltr'>munimen</span> <span class='ocrx_word' id='word_1_261' title='bbox 818 4041 988 4120; x_wconf 85' lang='lat' dir='ltr'>presentes</span> <span class='ocrx_word' id='word_1_262' title='bbox 1006 4033 1224 4103; x_wconf 82' lang='lat' dir='ltr'>concessimus</span> 
     </span>
     <span class='ocr_line' id='line_1_35' title="bbox 103 4142 1224 4229; baseline -0.002 -19"><span class='ocrx_word' id='word_1_263' title='bbox 103 4144 231 4212; x_wconf 86' lang='lat' dir='ltr'>litteras</span> <span class='ocrx_word' id='word_1_264' title='bbox 247 4144 386 4229; x_wconf 79' lang='lat' dir='ltr'>duplicis</span> <span class='ocrx_word' id='word_1_265' title='bbox 404 4143 502 4228; x_wconf 88' lang='lat' dir='ltr'>sigilli</span> <span class='ocrx_word' id='word_1_266' title='bbox 530 4144 630 4211; x_wconf 90' lang='lat' dir='ltr'>nostri</span> <span class='ocrx_word' id='word_1_267' title='bbox 647 4142 823 4209; x_wconf 91' lang='lat' dir='ltr'>munimine</span> <span class='ocrx_word' id='word_1_268' title='bbox 847 4142 1026 4209; x_wconf 88' lang='lat' dir='ltr'>roboratas.</span> <span class='ocrx_word' id='word_1_269' title='bbox 1053 4143 1173 4209; x_wconf 90' lang='lat' dir='ltr'>Datum</span> <span class='ocrx_word' id='word_1_270' title='bbox 1190 4149 1224 4208; x_wconf 88' lang='lat' dir='ltr'>et</span> 
     </span>
     <span class='ocr_line' id='line_1_36' title="bbox 103 4248 1221 4338; baseline -0.003 -18"><span class='ocrx_word' id='word_1_271' title='bbox 103 4260 213 4322; x_wconf 89' lang='lat' dir='ltr'>aetum</span> <span class='ocrx_word' id='word_1_272' title='bbox 229 4255 263 4320; x_wconf 94' lang='lat' dir='ltr'>in</span> <span class='ocrx_word' id='word_1_273' title='bbox 287 4254 404 4321; x_wconf 85' lang='lat' dir='ltr'>eastris</span> <span class='ocrx_word' id='word_1_274' title='bbox 421 4252 508 4338; x_wconf 88' lang='lat' dir='ltr'>apud</span> <span class='ocrx_word' id='word_1_275' title='bbox 537 4251 730 4328; x_wconf 89' lang='lat' dir='ltr'>Posouium,</span> <span class='ocrx_word' id='word_1_276' title='bbox 748 4271 835 4320; x_wconf 89' lang='lat' dir='ltr'>auno</span> <span class='ocrx_word' id='word_1_277' title='bbox 860 4250 991 4318; x_wconf 91' lang='lat' dir='ltr'>Domini</span> <span class='ocrx_word' id='word_1_278' title='bbox 1015 4248 1221 4320; x_wconf 78' lang='lat' dir='ltr'>mcduxxl.</span> 
     </span>
     <span class='ocr_line' id='line_1_37' title="bbox 102 4359 1011 4450; baseline -0.008 -17"><span class='ocrx_word' id='word_1_279' title='bbox 102 4362 209 4450; x_wconf 85' lang='lat' dir='ltr'>Regni</span> <span class='ocrx_word' id='word_1_280' title='bbox 225 4369 330 4432; x_wconf 87' lang='lat' dir='ltr'>autem</span> <span class='ocrx_word' id='word_1_281' title='bbox 347 4363 449 4430; x_wconf 89' lang='lat' dir='ltr'>nostri</span> <span class='ocrx_word' id='word_1_282' title='bbox 465 4381 550 4429; x_wconf 89' lang='lat' dir='ltr'>anuo</span> <span class='ocrx_word' id='word_1_283' title='bbox 568 4359 721 4448; x_wconf 88' lang='lat' dir='ltr'>seeundo,</span> <span class='ocrx_word' id='word_1_284' title='bbox 739 4360 776 4427; x_wconf 90' lang='lat' dir='ltr'>V.</span> <span class='ocrx_word' id='word_1_285' title='bbox 793 4360 906 4428; x_wconf 88' lang='lat' dir='ltr'>Nonas</span> <span class='ocrx_word' id='word_1_286' title='bbox 922 4359 1011 4427; x_wconf 87' lang='lat' dir='ltr'>Julii.</span> 
     </span>
    </p>
   </div>
   <div class='ocr_carea' id='block_1_3' title="bbox 100 4481 1222 4726">
    <p class='ocr_par' dir='ltr' id='par_1_3' title="bbox 100 4481 1222 4726">
     <span class='ocr_line' id='line_1_38' title="bbox 100 4481 1221 4632; baseline -0.003 -72"><span class='ocrx_word' id='word_1_287' title='bbox 100 4505 149 4632; x_wconf 50' lang='lat' dir='ltr'>ff</span> <span class='ocrx_word' id='word_1_288' title='bbox 171 4503 302 4578; x_wconf 76' lang='lat' dir='ltr'>Gergely</span> <span class='ocrx_word' id='word_1_289' title='bbox 323 4502 401 4577; x_wconf 83' lang='lat' dir='ltr'>pdpa</span> <span class='ocrx_word' id='word_1_290' title='bbox 424 4481 535 4560; x_wconf 74' lang='grc' dir='ltr'><strong>1272-ὶὶ</strong></span> <span class='ocrx_word' id='word_1_291' title='bbox 559 4519 602 4557; x_wconf 89' lang='lat' dir='ltr'>me</span> <span class='ocrx_word' id='word_1_292' title='bbox 625 4499 819 4571; x_wconf 78' lang='lat' dir='ltr'>ardsitdadbb&#39;l,</span> <span class='ocrx_word' id='word_1_293' title='bbox 841 4499 1015 4558; x_wconf 78' lang='lat' dir='ltr'>Tbeinerndl</span> <span class='ocrx_word' id='word_1_294' title='bbox 1037 4498 1221 4557; x_wconf 80' lang='lat' dir='ltr'>Monumenta</span> 
     </span>
     <span class='ocr_line' id='line_1_39' title="bbox 129 4542 1220 4650; baseline -0.004 -18"><span class='ocrx_word' id='word_1_295' title='bbox 129 4579 175 4633; x_wconf 88' lang='lat' dir='ltr'>ist.</span> <span class='ocrx_word' id='word_1_296' title='bbox 188 4577 286 4650; x_wconf 85' lang='lat' dir='ltr'>Hung.</span> <span class='ocrx_word' id='word_1_297' title='bbox 301 4575 378 4632; x_wconf 77' lang='lat' dir='ltr'>Saus.</span> <span class='ocrx_word' id='word_1_298' title='bbox 392 4577 413 4632; x_wconf 93' lang='lat'>1.</span> <span class='ocrx_word' id='word_1_299' title='bbox 427 4577 485 4633; x_wconf 80' lang='lat' dir='ltr'>lot.</span> <span class='ocrx_word' id='word_1_300' title='bbox 498 4577 560 4631; x_wconf 80' lang='lat'>299.</span> <span class='ocrx_word' id='word_1_301' title='bbox 575 4575 593 4629; x_wconf 95' lang='lat' dir='ltr'>l.</span> <span class='ocrx_word' id='word_1_302' title='bbox 607 4575 612 4597; x_wconf 97' lang='lat'><em>&#39;</em></span> <span class='ocrx_word' id='word_1_303' title='bbox 634 4571 772 4630; x_wconf 75' lang='lat' dir='ltr'>erederet</span> <span class='ocrx_word' id='word_1_304' title='bbox 784 4572 874 4628; x_wconf 81' lang='lat' dir='ltr'>ktiuzd</span> <span class='ocrx_word' id='word_1_305' title='bbox 896 4579 966 4630; x_wconf 89' lang='lat' dir='ltr'>tetto</span> <span class='ocrx_word' id='word_1_306' title='bbox 979 4542 1041 4627; x_wconf 51' lang='lat' dir='ltr'>mir</span> <span class='ocrx_word' id='word_1_307' title='bbox 1053 4569 1138 4642; x_wconf 62' lang='lat' dir='ltr'>eder</span> <span class='ocrx_word' id='word_1_308' title='bbox 1151 4569 1220 4630; x_wconf 82' lang='lat' dir='ltr'>cod.</span> 
     </span>
     <span class='ocr_line' id='line_1_40' title="bbox 100 4643 1222 4726; baseline -0.004 -18"><span class='ocrx_word' id='word_1_309' title='bbox 100 4651 176 4726; x_wconf 89' lang='lat' dir='ltr'>Dipl.</span> <span class='ocrx_word' id='word_1_310' title='bbox 188 4651 223 4708; x_wconf 81' lang='lat' dir='ltr'>V.</span> <span class='ocrx_word' id='word_1_311' title='bbox 241 4651 269 4707; x_wconf 87' lang='lat' dir='ltr'>lr.</span> <span class='ocrx_word' id='word_1_312' title='bbox 280 4648 302 4710; x_wconf 90' lang='lat'>1.</span> <span class='ocrx_word' id='word_1_313' title='bbox 316 4669 337 4706; x_wconf 89' lang='lat' dir='ltr'>r.</span> <span class='ocrx_word' id='word_1_314' title='bbox 353 4651 412 4706; x_wconf 75' lang='lat'>124.</span> <span class='ocrx_word' id='word_1_315' title='bbox 427 4651 460 4719; x_wconf 87' lang='lat' dir='ltr'>l.;</span> <span class='ocrx_word' id='word_1_316' title='bbox 475 4648 537 4705; x_wconf 78' lang='lat' dir='ltr'>ltsd</span> <span class='ocrx_word' id='word_1_317' title='bbox 550 4665 648 4721; x_wconf 82' lang='lat' dir='ltr'>agyam</span> <span class='ocrx_word' id='word_1_318' title='bbox 661 4644 746 4718; x_wconf 75' lang='lat' dir='ltr'>Fejer</span> <span class='ocrx_word' id='word_1_319' title='bbox 758 4643 908 4718; x_wconf 81' lang='lat' dir='ltr'>munktjlt</span> <span class='ocrx_word' id='word_1_320' title='bbox 921 4646 982 4706; x_wconf 80' lang='lat' dir='ltr'>vn.</span> <span class='ocrx_word' id='word_1_321' title='bbox 996 4645 1023 4703; x_wconf 83' lang='lat' dir='ltr'>k.</span> <span class='ocrx_word' id='word_1_322' title='bbox 1037 4645 1062 4701; x_wconf 80' lang='lat'>5.</span> <span class='ocrx_word' id='word_1_323' title='bbox 1082 4663 1104 4704; x_wconf 89' lang='lat' dir='ltr'>r.</span> <span class='ocrx_word' id='word_1_324' title='bbox 1118 4645 1179 4704; x_wconf 77' lang='grc'><strong>378.</strong></span> <span class='ocrx_word' id='word_1_325' title='bbox 1191 4643 1222 4724; x_wconf 79' lang='lat' dir='ltr'>l.)</span> 
     </span>
    </p>
   </div>
   <div class='ocr_carea' id='block_1_4' title="bbox 557 4789 769 4812">
    <p class='ocr_par' dir='ltr' id='par_1_4' title="bbox 557 4789 769 4812">
     <span class='ocr_line' id='line_1_41' title="bbox 557 4789 769 4812; baseline -0.014 0"><span class='ocrx_word' id='word_1_326' title='bbox 557 4789 769 4812; x_wconf 55' lang='lat' dir='ltr'>ananan—¹¹⁸·-</span> 
     </span>
    </p>
   </div>
   <div class='ocr_carea' id='block_1_5' title="bbox 0 0 1620 5268">
    <p class='ocr_par' dir='ltr' id='par_1_5' title="bbox 0 0 1620 5268">
     <span class='ocr_line' id='line_1_42' title="bbox 0 0 1620 5268; baseline 0 6"><span class='ocrx_word' id='word_1_327' title='bbox 0 0 1620 5268; x_wconf 95' lang='lat' dir='ltr'> </span> 
     </span>
    </p>
   </div>
  </div>
 </body>
</html>
