3250 5268
590 331 756 440 ..1Ξὶ

114 530 321 607 emergentes
336 523 369 588 iu
384 525 489 591 tribus
513 524 662 592 terminis
678 524 904 591 tantummodo
929 532 962 590 et
987 546 1052 592 nou
1077 527 1237 613 pluribus,

15 627 17 694 ἶ
114 629 265 694 videlicet
280 631 314 694 in
333 628 441 697 media
457 629 736 715 Quadragesima,
763 631 795 696 in
812 630 897 696 feste
912 631 1108 700 Nativitatis
1133 633 1238 702 Beate

114 735 280 821 Virginis,
298 744 331 803 et
348 737 381 802 in
397 735 482 804 iusto
498 738 616 806 Sancti
632 737 763 804 Nicolai
777 757 837 822 1²0¹
853 758 913 805 ¹¹⁰⁸
930 747 1036 823 “1³⁰¹
1052 741 1160 823 imum
1176 741 1238 807 R*

15 899 16 920 ,
113 862 188 926 gem
205 845 411 929 Stephanum
426 843 529 912 filium
545 852 692 912 nestrum
708 846 911 913 carissimum
927 852 1129 932 tractentur,
1156 846 1238 912 iudi-

15 979 16 1014 :
115 957 228 1018 centur
244 960 278 1018 et
303 951 499 1020 decidantur
519 953 614 1020 mode
632 955 785 1039 superine
813 955 1069 1040 comprehenso,
1096 954 1239 1040 iudiciis,

114 1058 147 1122 iu
163 1057 284 1144 quibus
298 1066 411 1147 partes
436 1059 674 1147 condempnata
692 1059 812 1128 luerint
821 1111 831 1144 ‚
846 1062 914 1130 suis
940 1062 1117 1132 ordinariis
1133 1083 1237 1130 reser-

15 1247 16 1250 ,
115 1167 213 1234 vatis.
238 1167 319 1232 Item
336 1187 408 1234 cum
423 1167 541 1234 citacio
557 1166 629 1233 fieri
644 1167 743 1235 debet
762 1169 886 1236 domiui
911 1178 1072 1238 terrarum
1089 1189 1149 1238 seu
1164 1189 1240 1256 pos·

115 1275 310 1358 unionum,
328 1273 499 1362 officiales,
515 1277 641 1343 iudices
655 1295 714 1343 seu
726 1276 840 1362 villici,
858 1277 1021 1364 neuville,
1038 1298 1105 1346 uon
1124 1297 1240 1348 omues

115 1382 167 1448 vel
184 1384 299 1468 plures
315 1384 356 1450 de
372 1385 473 1468 villa,
498 1385 552 1452 vel
570 1385 658 1451 ciues
675 1392 751 1449 suut
766 1385 812 1451 ad
827 1385 984 1452 iudicium
1005 1386 1164 1453 evocandi
1181 1409 1189 1450 :
1206 1393 1240 1454 et

15 1537 17 1550 ,
116 1489 217 1574 siqui
242 1490 330 1558 fures
347 1493 399 1558 vel
423 1491 655 1560 malefactores
680 1492 800 1558 fuerint
824 1495 984 1560 uemiuati
1009 1494 1043 1560 iu
1068 1493 1155 1560 villis
1181 1514 1241 1562 seu

115 1597 394 1682 possessionibus,
412 1599 529 1684 quibus
545 1608 703 1685 presunt,
721 1601 785 1686 ipsi
801 1601 855 1666 vel
874 1620 930 1668 eos
947 1609 1094 1668 statuent
1110 1602 1145 1668 iu
1159 1599 1241 1668 iudi-

116 1705 177 1788 cie,
195 1707 251 1772 vel
267 1727 326 1792 pre
341 1709 390 1775 eis
415 1708 616 1794 respendere
641 1709 844 1775 tenebuntur.
870 1707 1103 1778 Ordiuavimus
1128 1711 1239 1796 enam,

15 1851 16 1880 l
116 1814 207 1898 quod
232 1834 331 1902 super
360 1820 499 1902 populos
525 1817 692 1884 Beronum
718 1817 917 1884 servientum
941 1816 1042 1902 Regis
1067 1818 1240 1902 Stephani,

15 1999 16 2002 Ἴ
116 1921 284 1990 carissimi
298 1921 356 1988 lilii
371 1925 495 2000 nestri,
510 1924 637 1990 nullam
654 1924 825 1991 collectam
842 1923 978 1991 racione
993 1924 1076 1990 lucri
1091 1925 1240 2012 Camere,

15 2017 16 2090 f
115 2030 170 2097 vel
187 2031 304 2115 alique
321 2031 387 2097 alie
404 2039 556 2118 pretextu
572 2031 746 2113 iaciemus,
764 2039 821 2097 aut
835 2029 906 2097 fieri
921 2032 1165 2119 permittemus,
1181 2052 1242 2100 uec

15 2171 16 2174 =
117 2137 279 2204 victualia
303 2146 361 2205 aut
376 2139 505 2222 aliquid
520 2139 652 2207 nominc
671 2138 859 2204 victualium
882 2140 1052 2224 exigemus
1077 2149 1135 2208 aut
1151 2140 1242 2226 exigi

117 2247 292 2332 patiemur.
316 2245 368 2312 Ad
384 2265 466 2329 opus
493 2248 591 2314 etiam
608 2247 709 2314 castri
725 2249 778 2314 vel
795 2255 974 2314 castrorum
997 2245 1174 2316 edificandi
1189 2247 1245 2318 vel

15 2375 16 2408 ὲ
119 2353 376 2422 edilicaudorum
392 2373 451 2422 ees
467 2374 533 2420 uon
549 2355 802 2440 compellemus,
818 2375 879 2422 uec
896 2356 945 2422 eis
961 2354 1148 2424 huiusmodi
1167 2376 1245 2442 epe·

15 2507 16 2524 ,
119 2463 165 2530 ris
181 2481 243 2531 eeu
259 2461 380 2530 edificii
396 2463 709 2532 nominecollectam
726 2463 873 2547 aliquam
883 2464 1076 2557 iudicemus.
1092 2465 1246 2534 Eveccic

15 2561 17 2596 ³
122 2590 180 2639 nes
206 2570 312 2639 eciam
337 2571 389 2638 vel
416 2579 568 2638 vecturas
593 2571 636 2638 ab
653 2571 700 2637 eis
718 2571 906 2637 nullatenus
932 2571 1159 2656 requiremus,
1184 2591 1245 2640 nec

15 2689 16 2694 ’
122 2681 332 2765 aliquatenus
343 2680 560 2766 imponemus.
577 2680 781 2747 Desceusum
802 2682 907 2748 eciam
919 2680 1167 2766 superpepules
1183 2681 1246 2747 Ba-

121 2808 236 2855 rouum
252 2787 306 2856 vel
322 2791 520 2854 seruientum
546 2787 650 2872 ipsius
666 2789 767 2871 Regis
792 2788 972 2874 Stephani,
1000 2788 1163 2856 carissimi
1187 2787 1247 2855 filii

15 2905 16 2910 ’
122 2897 245 2982 uestri,
263 2915 331 2964 uon
346 2895 524 2979 faciemus,
550 2915 612 2962 uec
628 2895 755 2980 aliquid
774 2898 954 2966 descensus
980 2898 1111 2966 nomine
1136 2897 1247 2980 exige

15 2979 17 3054 ἶ
122 3025 214 3089 mus,
240 3005 303 3072 sed
318 3004 349 3070 si
365 3003 543 3071 casualiter
566 3003 600 3068 iu
616 3005 705 3070 villis
724 3005 909 3090 aliquorum
925 2989 1092 3073 Beronum
1108 3003 1160 3070 vel
1176 3023 1246 3072 ser·

122 3116 270 3183 viantum
296 3113 400 3199 ipsius
426 3112 527 3198 Regis
552 3111 715 3199 Stephani
740 3113 943 3182 descendere
968 3134 1029 3180 ues
1065 3111 1247 3197 contingat,

123 3221 302 3307 victualia,
320 3221 449 3304 fenum,
478 3220 638 3288 stramina
663 3229 698 3288 et
712 3223 824 3306 ligna,
850 3224 921 3290 sine
939 3222 1056 3308 quibus
1083 3239 1158 3288 esse
1183 3239 1249 3288 nou

123 3349 312 3418 possumus,
328 3329 518 3415 adplenum
535 3330 762 3414 persolvemus
780 3338 813 3398 et
829 3331 974 3415 persolvi
993 3329 1162 3396 iaciemus.
1189 3329 1249 3398 (le-

124 3447 232 3507 tarum
259 3439 289 3504 si
313 3436 433 3522 aliquis
459 3438 623 3505 Beronum
649 3447 833 3505 uestrorum
859 3445 975 3505 centra
1005 3435 1249 3506 ordinacionem

126 3555 276 3615 nostram
293 3565 391 3632 super
416 3546 575 3632 populos,
601 3554 659 3613 aut
674 3546 772 3613 villas
786 3547 950 3614 Beronum
966 3564 1024 3612 seu
1049 3543 1249 3612 servientum

126 3656 230 3740 Regis
266 3654 426 3740 Stephani
451 3653 646 3722 descensum
673 3653 807 3737 feeerit,
836 3671 1017 3737 expensam
1042 3652 1165 3720 factam
1198 3648 1253 3716 vel

127 3763 309 3848 dampnum
335 3765 449 3830 datum
475 3781 547 3828 cum
572 3782 660 3847 pena
680 3763 773 3848 dupli
799 3762 963 3830 tenebitur
987 3760 1156 3828 resarcire.
1180 3757 1252 3838 Qne

129 3872 241 3940 omnia
257 3879 289 3938 et
305 3871 436 3959 singula
451 3871 642 3940 carissimus
658 3869 744 3938 filius
760 3878 874 3938 noster
889 3871 961 3936 Rex
975 3869 1165 3955 Stephanus
1189 3867 1252 3934 Ba

129 3982 264 4048 renibus
281 3988 313 4048 et
340 3980 560 4048 servientibus
575 3980 718 4060 uostris,
743 3979 777 4046 iu
794 3998 854 4048 suo
871 3977 1029 4064 regimine
1053 3971 1251 4054 constitutis,

132 4087 325 4174 adplenum
342 4087 544 4172 observabit,
562 4085 661 4156 faciet
672 4093 704 4154 et
719 4086 879 4175 attendat.
895 4085 1108 4155 Premiaimus
1118 4082 1253 4165 insuper

132 4195 281 4282 predicto
298 4195 366 4261 filio
392 4203 502 4264 nostre
529 4195 719 4278 carissimo,
745 4193 831 4278 quod
855 4213 917 4262 nec
931 4213 991 4261 uos
1002 4243 1011 4278 ‚
1037 4209 1097 4258 uec
1121 4187 1255 4256 domina

132 4303 270 4388 Regina,
290 4321 426 4372 censere
442 4311 557 4370 nostra
574 4300 756 4386 carissima,
782 4301 976 4385 alliciemus,
992 4293 1254 4378 sollicitabimus,

132 4419 190 4479 aut
205 4413 401 4498 recipiemus
417 4410 594 4496 Cumanos,
610 4411 770 4496 Berones,
786 4411 967 4477 servientes
976 4407 1030 4476 vel
1050 4405 1180 4490 aliquos
1196 4398 1254 4468 he·

132 4521 238 4590 mines
255 4540 333 4590 suos
359 4529 469 4608 preter
493 4519 633 4588 rusticos
650 4525 684 4586 et
708 4518 850 4586 villanos
866 4540 874 4582 ε
891 4516 946 4603 qui
972 4513 1059 4584 illiue
1075 4517 1186 4582 uester
1210 4507 1254 4580 si·

128 4629 247 4697 militer
276 4629 425 4716 promisit
449 4626 543 4698 nobis
569 4646 635 4695 nen
660 4623 861 4708 sollicitare,
886 4622 1024 4694 allicere
1050 4627 1083 4690 et
1108 4619 1256 4706 recipere

173 4752 275 4797 norea
290 4753 370 4795 runc.
380 4753 446 4797 urar.
455 4755 559 4796 -urru
573 4753 594 4795 a
1020 4728 1042 4796 9
