3248 5274
365 1257 404 1322 X.
431 1257 564 1343 Gerpcly
588 1261 675 1343 pdpa
699 1257 875 1341 mepadsiti
900 1256 945 1318 H.
973 1254 1096 1318 Otolear
1120 1253 1186 1318 crab
1211 1251 1319 1339 kirdly
1333 1255 1483 1318 szdmdrc

676 1385 864 1450 opponenda
879 1362 1055 1428 bdbck'c'tdst.
1072 1361 1169 1426 1272.

470 1577 647 1662 Gregorius
664 1579 847 1666 Episcopus
863 1572 986 1664 [servus
1003 1596 1171 1644 seruorum
1187 1577 1250 1644 Dei
1266 1577 1438 1644 carissimo
1454 1579 1487 1644 iu

367 1687 498 1754 Christo
513 1685 582 1756 tilio
599 1686 785 1755 Othaoharo
801 1686 924 1752 Illustri
940 1686 1021 1768 Regi
1041 1685 1171 1753 Boemie
1188 1685 1324 1754 salutern
1341 1691 1375 1750 et
1400 1686 1487 1773 Apo·

367 1795 808 1864 stolidam-benedictionem.
825 1794 927 1862 Lecta
943 1794 1037 1861 nobis
1053 1795 1157 1877 Regio
1167 1794 1362 1862 Serenitatis
1373 1792 1487 1879 petitio

368 1905 566 1990 continebat,
583 1906 669 1987 quod
687 1924 760 1970 cum
776 1905 860 1969 iuter
875 1910 908 1970 te
924 1909 957 1970 et
973 1902 1178 1970 carissimum
1194 1902 1228 1967 iu
1239 1901 1368 1968 Christo
1385 1900 1488 1968 filiurn

368 2021 513 2080 nostrum
530 2014 733 2098 Stephanum
748 2014 913 2082 Illustreur
929 2014 1051 2096 Regem
1067 2009 1213 2096 Ungaric
1229 2013 1380 2095 gravium
1395 2031 1487 2095 guer-

367 2142 474 2190 rarum
489 2122 675 2208 pericnlosa
691 2123 878 2190 discrimina
905 2122 1057 2190 seductor
1082 2119 1210 2186 humani
1236 2121 1367 2204 generis
1394 2122 1488 2188 semi·

367 2238 488 2309 nasset,
505 2230 628 2298 Divina
643 2232 777 2298 tandem
793 2231 968 2296 clementia
984 2227 1126 2312 desuper
1141 2228 1323 2315 inspirante
1335 2239 1368 2294 tu
1380 2235 1414 2296 et
1424 2228 1487 2310 ille,

368 2339 461 2405 bouis
477 2337 555 2406 uiris
571 2339 793 2406 mediantibus
810 2340 851 2406 de
876 2357 1016 2406 assensn
1042 2338 1244 2405 Prelatorum
1269 2344 1302 2404 et
1326 2340 1488 2404 Beronum

368 2447 554 2516 utriuslibet
571 2468 688 2532 paoem
704 2455 896 2532 perpetuam
913 2445 1042 2530 iniistis,
1069 2444 1228 2514 conlectis
1244 2463 1343 2530 super
1358 2446 1424 2512 bac
1439 2446 1488 2512 lit-

369 2557 448 2622 teris
465 2563 498 2623 et
513 2555 716 2640 interpositis
742 2554 943 2639 iuramentis,
960 2575 1000 2621 ac
1025 2556 1068 2622 de
1092 2555 1259 2638 utriusque
1284 2555 1488 2639 beneplacito

368 2683 427 2751 per
442 2671 547 2730 certos
564 2663 755 2746 ordinarios,
773 2683 906 2746 quornm
922 2663 955 2728 in
971 2681 1031 2730 vos
1037 2661 1300 2748 jurisdictionem
1310 2679 1489 2746 prorogare

369 2771 518 2855 curastis,
534 2771 569 2836 iu
586 2777 756 2852 utrumqne
772 2777 916 2838 vestrum
933 2770 1065 2837 suerunt
1080 2772 1112 2836 iu
1129 2771 1263 2854 scriptis
1276 2770 1489 2836 excommuni-

369 2879 508 2947 cationis
524 2879 684 2946 sententie
701 2879 915 2964 promulgate,
930 2899 969 2946 eo
986 2880 1071 2945 inter
1087 2885 1197 2945 cetera
1213 2896 1368 2966 expresse
1379 2878 1413 2943 in
1426 2885 1488 2944 tra-

369 2995 457 3056 ctatu
472 2989 564 3075 pacis
581 2987 724 3054 eiusdem
740 2987 863 3072 habito,
880 2988 966 3071 quod
993 2997 1081 3054 terra
1106 2989 1207 3070 illins,
1234 2987 1291 3069 qui
1315 2987 1489 3053 uiolauerit

369 3115 485 3186 pacem
500 3095 617 3181 ipsam,
634 3115 693 3181 per
708 3097 840 3163 eosdem
858 3096 1038 3163 ordinarios
1065 3093 1236 3161 interdicto
1263 3094 1488 3161 ecclesiastico
1561 3125 1565 3134 ·

370 3210 581 3290 supponatur,
599 3202 750 3288 quodque
764 3205 911 3272 Berones
926 3205 1021 3286 illius,
1038 3209 1091 3288 qui
1118 3223 1234 3290 pacem
1259 3206 1361 3288 ipsam
1389 3202 1488 3272 viola-

373 3315 464 3398 verit,
481 3313 523 3378 ab
541 3314 641 3396 ipsius
658 3315 779 3379 auxilio
795 3319 830 3379 et
845 3313 1033 3382 defensione
1050 3313 1236 3392 discedant,
1254 3319 1286 3377 et
1297 3314 1489 3378 assistentes

373 3419 486 3504 sidem,
502 3421 556 3503 qui
575 3439 688 3505 pacem
705 3423 843 3487 servarit
858 3421 1048 3504 predictam,
1065 3421 1168 3506 ipsum
1185 3427 1301 3487 contra
1316 3423 1409 3506 pacis
1425 3421 1482 3488 rio·

376 3527 514 3594 latorem
530 3525 681 3595 adiuvent
697 3535 730 3594 et
745 3528 935 3613 defendant,
952 3527 1127 3615 potioribus
1143 3527 1370 3595 nichilominus
1388 3547 1430 3594 ex
1446 3531 1490 3614 ip·

373 3635 418 3702 sis
442 3635 623 3702 Beronibus
648 3655 684 3702 se
710 3635 753 3703 ad
769 3637 832 3704 hoc
848 3639 888 3705 de
904 3644 959 3706 tno
976 3646 1007 3704 ct
1021 3638 1124 3724 ipsius
1148 3637 1247 3721 Regis
1275 3637 1431 3704 mandato
1458 3656 1488 3700 a·

375 3741 603 3824 stringentibus
619 3762 677 3827 per
692 3748 854 3830 proprium
870 3745 1099 3828 iuramentnm3
1116 3751 1191 3812 acto
1208 3745 1305 3810 etiam
1317 3742 1350 3808 in
1377 3743 1490 3810 eadem

373 3869 465 3936 pace,
483 3856 518 3916 ut
534 3871 605 3917 earn
619 3861 753 3936 uterquc
771 3861 911 3920 vestrum
931 3860 1084 3938 procuret
1099 3873 1158 3938 per
1186 3853 1301 3920 Sedem
1326 3855 1490 3938 Apostoli·

372 3977 443 4025 cam
458 3959 644 4043 confirmari,
661 3970 757 4045 prout
783 3965 814 4026 iu
839 3960 990 4046 prodistis
1016 3963 1130 4027 litteris
1156 3961 1281 4045 plenius
1309 3961 1488 4028 dinoscitur

373 4070 535 4135 contineri.
552 4069 620 4136 Nos
636 4072 733 4151 igitur
747 4071 966 4155 attendentes,
983 4072 1071 4155 quod
1086 4070 1215 4137 nonnisi
1232 4073 1261 4132 iu
1280 4091 1360 4156 pace
1377 4072 1490 4138 colitur

372 4178 463 4264 pacis
479 4181 598 4256 auctor,
615 4183 678 4242 tam
694 4181 756 4245 tuis
773 4198 866 4263 quam
883 4179 1027 4246 eiusdem
1042 4179 1138 4260 Regis
1165 4177 1314 4262 Ungarie
1342 4181 1488 4266 precibus

375 4285 527 4366 inclinati,
544 4303 656 4370 pacem
673 4291 784 4374 ipsam,
803 4296 899 4374 prout
915 4287 1032 4355 salubri
1049 4289 1183 4354 consilio
1200 4294 1232 4355 et
1256 4288 1488 4355 deliberatione

373 4393 512 4478 provida
528 4395 607 4462 inita
623 4403 686 4479 est,
704 4399 899 4466 auctoritate
926 4399 1117 4484 Apostolioa
1133 4395 1355 4465 confirmamus
1372 4403 1405 4464 ct
1420 4417 1488 4482 pre·

376 4501 477 4569 scutis
493 4503 605 4588 scripti
621 4507 798 4589 patrocinio
816 4509 1050 4593 commuuimus,
1077 4516 1221 4576 tenorent
1247 4508 1429 4574 litterarum
1446 4507 1488 4594 ip·

377 4627 492 4688 sorum,
509 4615 561 4695 qui
576 4613 669 4681 nobis
681 4613 739 4683 sub
756 4615 870 4700 sigillis
887 4616 1062 4684 autenticis
1078 4623 1142 4684 tarn
1160 4636 1200 4683 ex
1212 4625 1309 4704 parte
1320 4623 1385 4700 tna,
1396 4635 1486 4700 quam
