3270 5280
381 1193 566 1284 Ascusopyc'
580 1219 623 1262 aa.
641 1197 752 1284 cpycde‘
782 1197 916 1263 toneat
948 1197 1223 1285 teoeyscylevolc,
1262 1197 1342 1283 kopp
1379 1193 1517 1282 Gerysly

378 1323 447 1392 pap
479 1303 564 1370 Tord
579 1303 760 1392 hdysepbca
775 1304 844 1406 leoli
858 1305 1034 1373 Buchmalo
1061 1308 1140 1371 ocull
1153 1305 1293 1370 hincm
1316 1303 1426 1368 Fusus
1445 1323 1517 1391 pau

627 1409 791 1478 conlatus·
805 1415 948 1502 opticeat
963 1411 1139 1480 bcoallotla.
1165 1413 1264 1478 1261.

486 1605 555 1675 Nos
582 1610 769 1677 Conuentns
794 1609 987 1677 Monasterii
1012 1609 1126 1678 Sancti
1142 1609 1265 1696 Egydii
1301 1607 1344 1675 dc
1370 1605 1516 1692 Simigic

381 1717 544 1783 uniuersis
576 1723 747 1802 presentes
779 1715 907 1785 litteras
924 1718 1120 1802 inspecturis
1148 1715 1392 1802 significamus,
1426 1711 1516 1796 qnod

380 1823 557 1906 Gregorius
576 1823 753 1909 Sacerdos,
770 1826 935 1908 quondam
953 1825 1312 1892 Vico-Archidiaconus
1337 1821 1516 1906 Simigien·

378 1934 425 2001 sis
441 1932 636 2000 constitutus
653 1951 762 1998 coram
777 1933 872 2000 nobis
888 1933 1053 2018 proposuit
1069 1933 1257 2014 vinacoso,
1284 1930 1375 2014 quod
1402 1948 1516 2012 qnam.

380 2039 457 2107 dam
474 2039 671 2124 particulam
696 2044 784 2105 terre
810 2038 940 2104 nomine
964 2039 1146 2106 Buchmala
1165 2041 1353 2124 empticium
1371 2038 1415 2104 de
1441 2033 1515 2102 Bad

378 2147 447 2214 lilio
465 2145 600 2212 Henrici
618 2147 660 2212 de
677 2164 798 2229 genere
815 2151 848 2212 et
857 2144 898 2213 de
908 2146 989 2212 villa
1003 2145 1077 2212 Rad
1093 2145 1125 2212 in
1143 2146 1308 2214 territorio
1325 2145 1408 2211 ville
1425 2141 1515 2211 Tord

379 2254 576 2321 existentem
590 2272 664 2318 cum
679 2251 828 2318 omnibns
844 2253 1075 2338 pertinenciis,
1092 2253 1246 2320 videlicet
1262 2249 1433 2333 virgultis,
1462 2249 1509 2316 ie-

378 2359 483 2444 netis,
514 2358 613 2427 terris
640 2358 822 2425 arabilibus
848 2368 881 2426 et
906 2359 1006 2427 tundo
1024 2359 1114 2427 curie
1140 2379 1198 2426 ren
1214 2356 1289 2426 aliis
1306 2357 1510 2425 utilitatibus

376 2467 457 2550 suis,
474 2466 607 2534 domino
618 2465 711 2532 Fauo
722 2467 847 2533 Abbati
859 2467 971 2534 Sancti
988 2466 1120 2533 Martini
1132 2465 1288 2534 desacro
1305 2465 1418 2532 Monte
1429 2465 1513 2530 Pan-

376 2577 475 2642 nonie
491 2595 551 2659 pro
566 2576 710 2658 quadam
726 2595 852 2642 summa
867 2578 1006 2660 pecunie
1026 2575 1234 2644 vendidisset
1262 2575 1295 2640 in
1313 2581 1509 2661 perpetuum

377 2683 636 2769 possidendam,
664 2689 801 2768 recepta
825 2685 942 2750 eadem
968 2681 1110 2770 pecunia
1135 2683 1285 2769 plenarie
1312 2680 1512 2758 abeodem,

376 2790 435 2857 tali
450 2795 560 2857 tamen
575 2789 769 2874 interposita
785 2787 999 2874 condicione,
1026 2797 1061 2856 vt
1086 2809 1244 2875 processu
1270 2789 1432 2875 temporis
1450 2804 1512 2853 nco

375 2897 448 2982 ipsc
464 2897 644 2981 Gregorius
660 2895 823 2966 Sacerdos
833 2946 842 2980 ‚
861 2916 922 2964 nec
938 2898 988 2964 sui
1006 2899 1245 2982 consanguinei
1273 2897 1380 2982 ipsam
1407 2893 1511 2980 parti-

376 3007 484 3073 culam
500 3011 587 3073 terre
604 3006 749 3091 poterint
765 3007 925 3088 impetere
940 3003 983 3070 ab
999 3003 1131 3072 Abbate
1148 3009 1337 3072 memorato.
1365 3003 1404 3069 lu
1417 3003 1512 3070 onius

376 3113 427 3178 rei
444 3112 636 3179 memoriam
662 3119 695 3178 et
720 3120 913 3198 perpetuam
941 3110 1125 3178 firmitatem
1153 3111 1281 3178 litteras
1307 3117 1442 3179 nostras
1470 3110 1512 3176 si-

377 3221 568 3306 gillinoslri
594 3220 769 3285 munimine
796 3221 976 3302 impressas
1004 3217 1238 3288 concessimus.
1270 3219 1392 3284 Datum
1422 3237 1511 3282 anno

379 3330 493 3413 gracie
508 3325 630 3398 M⁰oc⁰
644 3327 854 3413 sexagesimo
872 3327 986 3411 primo.

530 3519 678 3593 (Rrsdstie
690 3537 708 3577 a
721 3519 939 3578 scentmortoni
954 3517 1110 3591 itapttslg
1122 3516 1344 3586 lovelttrtban.)
