3230 5268
608 358 766 466 ...Q

127 557 211 627 ilios
227 559 367 628 tiliorum
386 575 514 629 suorum
532 577 605 626 oum
620 560 744 629 duobus
761 556 926 628 nobilibus
941 553 1006 624 sibi
1022 547 1245 621 oonsimillbus

126 666 235 736 iurare
250 665 387 735 lenimus
403 686 500 754 super
516 686 566 754 eo,
588 669 673 753 quod
699 669 759 736 ille
783 675 879 751 terra,
907 683 1004 751 quem
1021 659 1244 730 renmbuleue

126 779 212 861 runt,
229 773 327 845 tuerit
342 776 485 864 ipsorum
501 775 708 861 hereditarie,
726 784 758 844 et
773 796 833 866 per
847 773 951 842 dietoe
961 770 1100 860 populos
1117 767 1247 838 domiue

128 883 254 970 Regino
270 881 415 952 indebite
430 889 600 971 oeeupntn.
617 885 697 954 (tum
717 886 828 970 iteque
844 879 1096 968 diligentissime
1112 877 1245 964 inquisi-

126 989 221 1059 eioue
237 988 339 1080 seete,
355 999 389 1059 et
404 999 535 1080 reeepte
559 994 715 1064 inretorto
731 993 894 1078 euueione,
911 997 948 1060 ut
961 987 1171 1079 prediximus,
1198 985 1244 1052 iu·

126 1100 331 1169 venissemus
348 1100 470 1170 dietum
487 1108 610 1170 terrem
628 1103 670 1170 de
687 1103 756 1170 iure
766 1101 962 1171 hereditario
976 1098 1078 1168 luisse
1088 1097 1259 1166 nobilium.

125 1207 355 1295 predistornm,
373 1211 510 1278 eandem
534 1218 653 1280 terrem
670 1212 814 1280 exclusis
829 1209 958 1298 populis
977 1207 1105 1276 domiue
1121 1207 1245 1292 Regino

129 1317 172 1386 de
189 1319 319 1404 eedem,
330 1317 528 1390 restituimus
543 1315 741 1388 hereditario
752 1323 821 1390 iure
834 1325 990 1408 perpetuo
1001 1314 1244 1405 possidendum,

130 1435 163 1494 et
177 1434 295 1513 metus,
313 1429 375 1496 sub
391 1428 504 1512 quibus
521 1431 619 1517 ijdem
640 1429 766 1498 nobiles
782 1430 951 1519 possidere
976 1428 1117 1494 debeeut
1140 1426 1244 1512 ipsum

126 1542 258 1621 terrem,
275 1536 412 1607 lenimus
428 1537 562 1606 eleueri
578 1539 663 1606 Mete
680 1547 787 1607 eutem
804 1539 865 1606 hoe
876 1537 990 1607 ordine
1006 1536 1243 1621 distinguntur:
1291 1601 1293 1606 .

125 1643 237 1712 Primo
252 1653 340 1714 mete
357 1648 461 1734 ipsius
477 1655 563 1714 terre
578 1647 694 1733 incipit
709 1667 730 1714 e
746 1654 839 1735 perte
865 1646 1014 1714 orientali
1030 1647 1122 1714 iuxtn
1138 1645 1242 1714 loeso-

125 1761 193 1819 tum
210 1751 348 1840 Yuliunl,
372 1755 428 1823 ubi
454 1761 504 1823 eut
527 1762 614 1824 mete
641 1757 700 1824 sub
726 1756 845 1824 arbore
867 1757 966 1845 tyksa
993 1756 1180 1842 uolgariter
1196 1751 1242 1818 di-

126 1867 200 1946 otn3
227 1862 269 1930 de
294 1864 371 1932 inde
396 1864 487 1932 vadit
508 1883 623 1934 versus
640 1867 916 1952 septemtrionem,
934 1874 968 1933 et
983 1865 1070 1934 venit
1086 1865 1129 1931 nd
1144 1881 1241 1930 unam

3 2029 4 2034 ,
124 1967 272 2038 arborem
297 1993 388 2052 naor,
421 1974 481 2040 sub
506 1993 570 2058 qun
592 1980 644 2042 est
660 1982 764 2059 mete,
790 1976 831 2043 de
846 1973 924 2042 inde
939 1971 1045 2042 tendit
1060 1990 1174 2040 versus
1191 1989 1242 2036 oe-

127 2077 300 2164 oidentem,
312 2086 346 2147 et
357 2082 446 2150 venit
462 2082 506 2150 nd
520 2102 618 2150 unum
633 2083 748 2172 pirum,
764 2083 823 2152 sub
840 2103 905 2168 qun
920 2089 971 2150 est
988 2090 1094 2165 mete;
1111 2078 1151 2147 de
1168 2078 1242 2147 'mde

2 2187 3 2194 ’
126 2185 235 2256 edhue
251 2187 358 2256 eundo
374 2189 419 2257 ed
434 2191 574 2260 eandem
591 2193 733 2279 plegem,
748 2192 838 2262 veuit
853 2191 896 2260 ed
912 2211 1010 2261 uuum
1035 2195 1156 2257 metum
1181 2195 1243 2256 ter·

2 2299 3 2314 ³
126 2315 235 2380 renm3
253 2298 296 2366 de
312 2297 390 2366 inde
405 2299 496 2366 uenit
512 2299 557 2367 od
583 2299 733 2369 arborem
758 2311 887 2388 pertun,
912 2301 974 2368 sub
1000 2300 1241 2384 quaestmetn;

126 2405 167 2472 de
184 2405 266 2474 inde
280 2404 428 2494 procedit
445 2427 558 2476 versus
575 2409 754 2494 meridiem,
770 2415 802 2476 et
817 2409 908 2476 veuit
923 2407 966 2475 nd
982 2404 1242 2474 uuemerborem

1 2559 2 2598 ,
126 2522 246 2600 pertun,
263 2514 405 2599 subque
430 2523 481 2586 est
505 2525 612 2601 mete,
639 2517 682 2584 de
706 2516 782 2586 iude
807 2515 914 2584 edituo
929 2515 1093 2586 tendendo
1108 2513 1241 2582 edenu-

1 2603 2 2630 ¹
126 2623 198 2688 dem
224 2619 376 2707 plegem,
400 2624 491 2692 venit
515 2625 559 2692 nd
583 2645 679 2694 unam
707 2627 857 2694 arborem
882 2627 1007 2710 eeresi,
1033 2623 1173 2710 subque
1189 2627 1240 2692 eet

126 2735 233 2815 mete,
261 2728 301 2798 de
326 2731 402 2798 inde
428 2733 634 2820 progreditur
658 2736 775 2802 iterum
803 2735 845 2802 ed
861 2730 1041 2819 meridiem,
1058 2737 1090 2798 et
1105 2731 1241 2801 venitin

1 2921 2 2932 χ
125 2837 268 2924 plenioie
292 2840 336 2907 ed
361 2859 457 2910 unum
484 2849 605 2911 motem
631 2851 790 2926 terreem3
818 2850 850 2910 et
866 2841 986 2911 nbhino
1002 2840 1107 2910 tendit
1127 2857 1241 2910 versus

1 2937 2 2948 ¹
124 2948 285 3018 orientem
303 2957 336 3016 et
350 2950 441 3019 venit
455 2951 500 3020 nd
514 2948 649 3020 fluvium
663 2950 800 3035 Yntiuel,
817 2949 872 3018 ubi
888 2957 940 3018 est
964 2955 1071 3036 metn;
1097 2949 1140 3018 de
1164 2949 1241 3019 iude

1 3101 2 3120 2
122 3063 233 3126 eutem
250 3055 456 3146 proeedendo
474 3062 563 3126 iuxte
581 3060 689 3148 ipsum
714 3057 848 3128 flurium
874 3058 918 3126 ed
943 3057 1081 3125 eandem
1107 3056 1240 3144 plegem

121 3165 212 3233 venit
228 3165 273 3234 ed
287 3167 431 3252 priorem
448 3187 545 3236 ruem
561 3177 688 3253 metum,
700 3177 734 3236 et
749 3168 798 3237 sie
815 3168 1014 3236 terminetur.
1032 3168 1071 3234 In
1087 3167 1177 3234 euius
1194 3166 1240 3232 rei

1 3339 2 3354 ,
121 3274 311 3342 memoriam
339 3282 373 3342 et
397 3281 586 3365 perpetuum
611 3277 797 3346 firmitatem
820 3285 992 3365 presentes
1018 3275 1240 3346 concessimus

1 3419 2 3464 g
120 3381 250 3451 litterae
265 3382 366 3470 sigilli
382 3383 486 3451 nostri
498 3393 532 3454 et
551 3384 730 3472 sigillorum
749 3386 908 3454 soeiorum
934 3393 1114 3456 nostrorum
1137 3387 1240 3454 muni-

1 3505 2 3508 ’
120 3491 207 3558 mine
228 3491 409 3561 roboratae.
425 3493 547 3561 Detum
563 3513 623 3580 per
644 3511 758 3562 manus
785 3494 935 3581 Magistri
951 3493 1140 3564 Sebastieni
1155 3491 1239 3568 onn-

1 3597 2 3608 ’
119 3600 199 3669 tonis
225 3599 267 3670 de
291 3601 427 3687 Posoge,
453 3601 1234 3689 etcnnonieiArnensis,1³rotnonoterijnosen,
1278 3686 1286 3699 ⁸

1 3803 2 3806 Ἴ
120 3728 207 3780 enno
228 3707 357 3779 Domini
371 3709 547 3780 millesimo
562 3709 784 3780 ducentesimo
802 3713 1015 3798 sexagesimo
1032 3719 1158 3782 ootevo.

227 3909 336 3978 sappus.
354 3906 489 3965 Eredetie
500 3904 668 3982 bdrhdrtye,
681 3907 826 3982 mellyuek
838 3908 897 3966 elil
908 3907 1056 3980 tolhejtott
1067 3907 1237 3968 heseddkei·

117 3995 164 4052 bol
176 3996 229 4052 luet
239 3994 341 4068 penset
351 3994 476 4070 ruggeri,
490 3996 526 4055 de
539 3995 728 4070 elenydsnett.
741 3996 866 4056 lddsolte
879 3996 991 4057 Horrdt
1016 3995 1126 4056 lrtvdn.
1159 3989 1241 4072 Μ.

553 4383 616 4390 ---···
644 4381 811 4398 “m
