3250 5268
931 295 976 364 80

868 385 1037 398 -n

393 490 464 576 lice,
481 492 551 562 siro
567 511 771 578 quacumque
787 491 944 560 firmitate
960 489 1094 573 vallato,
1110 495 1168 558 aut
1178 492 1205 558 si
1216 491 1250 559 iu
1265 494 1384 562 eadem
1401 491 1516 560 Eccle-

393 599 445 667 sia
456 599 636 669 direximus
660 621 720 687 pro
744 601 819 672 aliis
846 600 971 685 scripta
987 609 1110 683 nostra,
1133 618 1190 666 seu
1206 600 1233 666 si
1251 600 1351 669 Sedis
1367 599 1517 687 predicte

393 713 452 776 ant
467 707 648 795 legatorum
663 709 768 796 ipsius
782 691 837 778 vei
852 725 1055 792 quacumque
1078 705 1147 776 alia
1162 709 1358 778 auctoritate
1373 709 1407 774 in
1423 728 1467 774 eo
1482 707 1517 772 in

391 815 576 885 Canonicos
601 817 705 902 aliqui
729 825 805 886 aunt
829 817 965 904 recepti,
990 815 1046 884 rei
1070 821 1107 882 ut
1122 815 1332 902 recipiantur,
1348 815 1517 894 insistant,

390 925 508 1007 quibus
524 947 582 1013 par
597 925 660 995 boc
676 925 721 994 ad
746 926 990 994 assecutionem
1016 922 1156 992 aliorum
1181 922 1424 1007 beneficiorum,
1445 942 1518 1009 per-

391 1039 566 1100 sonatuum
579 1033 632 1100 vel
649 1033 847 1117 dignitatum
865 1033 990 1100 nullum
1005 1032 1155 1099 volumus
1173 1031 1392 1118 preiudicium
1417 1049 1519 1116 gene·

370 1211 373 1218 f
390 1140 474 1230 rari,
485 1146 541 1208 aut
556 1141 587 1208 si
603 1147 655 1208 est
679 1141 845 1226 aliquibus
871 1141 916 1208 ab
941 1138 1059 1208 eadem
1076 1137 1163 1206 Sede
1177 1139 1349 1223 indultum,
1365 1138 1457 1223 quod
1474 1139 1519 1204 ad

390 1249 612 1335 receptionem
635 1248 689 1316 vel
714 1250 937 1336 provisionem
962 1249 1103 1316 alicuius
1130 1249 1265 1316 minime
1281 1256 1469 1327 teneantur,
1486 1257 1520 1314 et

390 1354 435 1423 ad
451 1354 485 1422 id
500 1354 663 1444 compelli,
680 1357 832 1442 qnodque
860 1357 1021 1443 interdici,
1048 1357 1205 1444 suspendi
1221 1359 1273 1423 rei
1300 1357 1521 1424 excommnni-

390 1463 461 1530 cari
476 1484 542 1532 non
558 1466 688 1552 possint
713 1473 746 1534 et
770 1465 857 1550 quod
883 1466 925 1533 de
950 1465 1120 1536 beneficiis
1146 1473 1180 1533 et
1205 1465 1439 1551 personatibus
1467 1463 1520 1532 vel

391 1571 607 1657 dignitatibus
622 1573 667 1642 ad
682 1574 891 1642 collationem
908 1593 1019 1642 eorum
1037 1572 1274 1661 spectabilibus
1299 1573 1382 1640 nulli
1407 1571 1523 1639 valeat

392 1679 559 1766 provideri
574 1702 634 1768 per
649 1682 776 1749 litteras
794 1681 1017 1767 Apostolicas,
1045 1700 1107 1766 que
1123 1680 1165 1750 de
1180 1681 1306 1748 indultu
1330 1677 1523 1749 huiusmodi

391 1786 524 1871 plenam
541 1795 574 1856 et
589 1808 782 1875 expressam
797 1788 1016 1883 non-iecerint
1038 1789 1245 1873 mentionem,
1272 1789 1344 1857 sive
1369 1788 1520 1874 qualibet

397 1897 466 1964 aiis
482 1897 688 1983 indulgentia
718 1897 806 1966 diota
822 1897 929 1982 Sedis,
950 1917 1013 1986 per
1040 1917 1136 1983 qnam
1165 1898 1301 1966 effectus
1316 1897 1521 1983 presentium

393 2004 547 2091 impediri
562 2008 673 2074 ualeat
688 2007 743 2074 vel
760 2005 895 2092 differri,
924 2013 957 2072 et
980 2005 1023 2072 de
1039 2025 1105 2093 qua
1121 2007 1156 2074 in
1172 2007 1295 2074 nostris
1312 2006 1432 2074 litteris
1448 2004 1523 2071 fieri

392 2111 514 2180 debeat
530 2115 651 2182 mentio
669 2116 836 2201 specialis,
853 2134 912 2181 seu
928 2114 1019 2198 quod
1036 2115 1124 2182 idem
1140 2115 1301 2183 Robertus
1317 2115 1403 2182 aiias
1420 2115 1523 2180 bene·

392 2220 520 2288 ficiatus
536 2223 657 2290 existit.
675 2222 939 2300 contradictores
950 2225 1015 2292 stb.
1028 2225 1418 2310 compescendoDatum
1429 2221 1521 2306 apud

392 2330 516 2400 Urbem
533 2329 684 2398 Veterem
700 2331 740 2398 ΙΙ.
757 2331 837 2400 Idus
853 2329 1128 2402 Januarii.·Anno
1144 2333 1251 2400 tertio.

496 2507 558 2598 (N.
573 2507 672 2566 orben
685 2507 762 2596 pdpa
776 2507 975 2582 Reguttibol,
986 2509 1115 2566 Thainer
1128 2507 1168 2566 id.
1181 2528 1217 2565 m.
1232 2510 1254 2565 1.
1268 2509 1297 2566 k.
1310 2509 1373 2565 260.
1388 2509 1422 2582 i.)

927 3267 982 3334 54.

393 3449 454 3516 IV.
471 3449 581 3515 Orbdo
590 3451 683 3536 pdpu
698 3443 851 3515 Ευοηίὶιιε
865 3446 1000 3544 adprdbi
1021 3447 1203 3515 koooooioot
1218 3445 1348 3534 epybctst'
1363 3446 1523 3532 jaoadol-

739 3557 854 3622 motae
868 3557 1054 3643 magobrio.
1078 3553 1177 3622 1264.

501 3753 653 3824 Urbanus
670 3753 857 3840 Episcopus
874 3757 936 3829 eto.
953 3751 1076 3822 diiecto
1086 3751 1153 3820 iilic
1163 3745 1516 3848 liventio'prenbitero,

394 3863 562 3932 banonico
577 3861 807 3949 Zagrabiensi,
822 3861 966 3930 salntem
982 3870 1044 3930 etc.
1066 3861 1138 3943 Qus
1153 3860 1195 3930 de
1211 3861 1309 3930 Sedis
1325 3859 1518 3946 Apostolioe

394 3971 591 4040 auctoritate
615 3971 806 4057 procedunt,
833 3991 893 4038 sue
918 3969 1041 4039 debent
1065 3969 1229 4040 firmitatis
1257 3969 1372 4038 robore
1388 3969 1516 4051 muniri,

396 4087 479 4148 utet
495 4080 613 4150 suturis
629 4080 832 4166 temporibus
846 4080 982 4148 valeant
996 4078 1128 4148 illibata
1144 4077 1333 4165 consistere,
1351 4085 1384 4146 et
1399 4082 1519 4164 optsta

395 4187 437 4256 de
462 4188 528 4256 illia
554 4190 659 4276 possit
682 4189 813 4258 utilitas
838 4187 1026 4273 provenire.
1058 4187 1146 4256 Sane
1171 4193 1229 4254 tua
1252 4186 1350 4256 nobis
1366 4183 1528 4254 exhibita

395 4295 511 4380 petitio
535 4297 746 4381 continebat,
771 4297 863 4383 quod
890 4314 963 4362 eum
989 4315 1049 4363 nos
1072 4297 1257 4366 venerabili
1281 4294 1375 4363 fratri
1400 4299 1515 4364 nostro

395 4401 596 4494 S(tephano)
621 4406 815 4476 Penestrino
840 4404 1008 4491 Episcopo
1033 4404 1222 4474 conterendi
1246 4421 1306 4488 par
1322 4423 1371 4490 se,
1388 4401 1441 4470 rei
1458 4420 1519 4487 per

396 4509 497 4580 alium
516 4515 667 4602 personis
683 4514 812 4584 idoneis
837 4511 998 4582 beneficia
1016 4513 1258 4598 ecelesiastica,
1274 4517 1471 4598 personatus
1489 4513 1523 4574 et

397 4617 576 4703 dignitates
592 4641 665 4690 cum
690 4642 771 4692 cura
796 4627 830 4688 et
853 4621 925 4689 sine
941 4641 1028 4704 eura,
1045 4639 1107 4706 que
1125 4623 1323 4692 venerabilis
1339 4623 1444 4691 frater
1460 4647 1520 4694 no·
