3270 5280
896 299 941 370 ὅθ

361 493 554 580 procedant,
571 514 638 580 eos,
665 498 692 562 si
710 505 825 564 eontra
852 506 940 564 tuam
957 501 1183 568 inhibitionem
1199 505 1381 590 procedere
1398 501 1485 569 sorte

360 603 631 688 presumpserint,
657 623 679 668 a
704 607 949 691 presumptione
975 609 1162 676 huiusmodi
1179 631 1240 694 per
1256 615 1391 678 eandem
1408 630 1485 676 ecn-

360 729 481 785 suram,
496 707 720 794 appellatione
736 714 933 798 postposita,
960 715 1208 800 compescendo.
1243 719 1284 783 Et
1300 719 1483 784 nichilomi-

348 793 431 902 nus,
448 837 514 902 qua
537 817 743 903 auctoritate,
769 821 951 902 quibusque
976 825 1127 905 personis
1156 829 1189 888 et
1215 827 1308 909 locis,
1334 828 1485 911 subqua

360 924 463 990 forma
480 933 514 990 et
529 925 561 989 in
578 943 643 1007 qua
671 927 856 1006 quantitate
882 927 1002 993 suerint
1017 931 1165 1013 predicta
1182 952 1351 1019 concessa,
1368 943 1403 1003 et
1418 957 1484 1020 que

359 1041 392 1096 et
408 1040 487 1115 quot
503 1039 535 1096 et
551 1033 585 1097 in
602 1033 720 1114 quibus
737 1033 821 1100 locis
837 1035 880 1100 ab
897 1035 1021 1103 eisdem
1032 1041 1260 1107 executoribus
1278 1041 1401 1110 fuerint
1416 1045 1483 1110 ool-

358 1141 446 1205 lecta
461 1160 522 1223 pro
539 1140 588 1206 eis
605 1138 795 1223 diligentius
811 1141 986 1224 inquirens,
1014 1166 1055 1211 ea
1070 1147 1165 1215 nobis
1182 1168 1243 1232 per
1258 1157 1332 1219 tuas
1349 1154 1482 1222 litteras

358 1245 496 1314 studeas
511 1245 651 1312 fideliter
666 1247 829 1314 intimare.
870 1251 939 1316 Nos
965 1253 1050 1318 enim
1065 1259 1295 1328 concessiones
1312 1262 1483 1346 predictas

357 1357 502 1439 aliquem
518 1353 663 1436 vigorem
691 1353 819 1441 babere,
837 1358 1024 1425 scillarum
1050 1370 1202 1446 pretextu
1219 1371 1393 1452 quiequam
1410 1393 1484 1457 per-

358 1464 425 1548 cipi
441 1465 603 1547 nolumus,
629 1463 734 1530 donec
760 1484 820 1548 per
843 1473 932 1532 tuam
952 1467 1205 1541 insinuationem
1222 1479 1366 1545 sciamus
1381 1500 1484 1569 super

356 1572 525 1658 premissis
540 1571 673 1654 plenius
689 1572 872 1659 veritatem,
889 1595 930 1642 ac
947 1577 989 1643 de
1004 1578 1081 1663 hijs,
1097 1592 1194 1666 prout
1209 1587 1390 1670 expediens
1407 1591 1482 1659 fore

354 1679 543 1760 viderimus,
561 1678 785 1764 disponamus.
817 1683 868 1748 Tu
884 1692 990 1750 autem
1017 1688 1146 1754 interim
1162 1691 1418 1786 redemptiones,
1434 1702 1481 1767 le-

355 1794 445 1870 gata,
462 1787 589 1866 relicta,
615 1785 696 1853 data
721 1799 754 1854 et
779 1789 993 1859 obventiones
1011 1793 1200 1865 'cuiusmodi
1216 1821 1276 1886 per
1291 1809 1333 1888 te,
1350 1809 1404 1874 vel
1421 1829 1482 1894 per

354 1895 467 1976 alium,
484 1914 544 1962 seu
559 1895 656 1978 alios,
673 1913 756 1977 quos
773 1897 815 1963 de
832 1899 892 1966 boe
909 1900 1055 1986 ydoneos
1073 1923 1146 1972 esse
1162 1915 1370 1999 cognoveris,
1397 1917 1480 1983 inte-

354 2023 413 2084 gre
429 2003 598 2086 colligens,
616 2002 769 2086 quiequid
787 2005 828 2071 de
845 2005 908 2074 biis
925 2010 1098 2078 collectum
1116 2014 1224 2099 fuerit,
1250 2021 1373 2089 nuntiis
1388 2023 1482 2094 dicte

353 2121 439 2178 terre
455 2111 509 2176 vel
525 2128 637 2176 eorum
647 2115 914 2193 procuratoribus
930 2135 988 2183 seu
1000 2119 1135 2188 alterius
1148 2129 1327 2197 eorundum
1344 2152 1479 2203 conser-

352 2220 486 2287 tendum
511 2218 544 2283 in
569 2217 673 2302 ipsius
698 2225 786 2286 terre
812 2224 1015 2310 subsidium,
1042 2231 1217 2313 assignare
1241 2239 1392 2306 totaliter
1411 2265 1479 2311 non

352 2326 494 2396 omittas.
507 2323 628 2391 Omnes
639 2328 738 2391 etiam
750 2330 993 2414 crucesignatos
1013 2341 1045 2399 et
1062 2339 1340 2422 crucesignandos
1357 2369 1418 2434 pro
1429 2352 1478 2418 di·

352 2444 403 2500 ete
413 2442 500 2500 terre
513 2430 672 2517 subsidio,
692 2454 773 2515 quos
792 2438 852 2503 sub
865 2445 977 2506 nostra
994 2449 1029 2506 et
1044 2443 1238 2528 Apostoliee
1255 2449 1352 2520 Sedis
1369 2469 1479 2542 prote·

350 2543 457 2608 ctione
468 2540 674 2624 suscipimus,
687 2560 750 2607 uon
761 2546 932 2626 permittas
943 2569 1001 2633 per
1017 2558 1048 2616 te
1065 2555 1116 2617 vel
1133 2575 1192 2638 per
1207 2560 1308 2625 alium
1319 2581 1378 2630 sen
1390 2567 1477 2633 alios

350 2657 464 2715 contra
474 2647 697 2714 immunitates
712 2656 744 2713 et
759 2651 934 2734 privilegia
945 2660 1181 2741 crucesignatis
1199 2667 1241 2730 ab
1259 2669 1376 2736 eadem
1388 2672 1479 2742 Sede

350 2771 519 2837 concessa,
532 2755 574 2818 ab
586 2753 751 2836 aliquibus
762 2757 908 2826 indebite
924 2763 1101 2850 molestari,
1123 2771 1353 2843 molestatores
1365 2779 1478 2850 buius-

349 2862 438 2928 modi
457 2880 515 2944 per
534 2861 673 2926 eandem
691 2881 873 2952 censuram,
895 2869 1026 2939 sublato
1047 2875 1220 2945 cuiuslibet
1239 2885 1478 2968 appellationis

347 2969 1477 3066 obstaculo,compescendo.Adheccumpredicatioorucisinmemo·

346 3085 417 3143 rato
427 3077 541 3157 Regno
557 3095 617 3159 pro
634 3077 776 3144 eiusdem
787 3088 872 3148 terre
884 3105 1038 3154 succursu
1057 3091 1116 3158 tibi
1132 3114 1193 3178 per
1207 3097 1293 3164 alias
1310 3102 1372 3167 sub
1384 3113 1477 3171 certa

346 3184 450 3250 forma
466 3183 594 3248 litteras
611 3185 654 3248 sit
671 3187 855 3272 commissa,
876 3213 936 3258 nos
948 3196 1108 3283 volentes,
1127 3209 1162 3267 ut
1179 3207 1344 3288 negotium
1363 3211 1475 3278 huius-

345 3290 433 3355 modi
449 3311 489 3356 eo
506 3287 673 3358 efficacius
691 3299 909 3383 prosequaris,
928 3320 990 3382 quo
1007 3303 1121 3372 maiori
1138 3329 1275 3394 pernes
1293 3315 1397 3385 fueris
1416 3341 1476 3385 an·

345 3398 497 3464 ctoritate
514 3398 664 3482 munitus,
692 3401 882 3484 iniungendi
907 3409 1007 3476 libere
1029 3432 1085 3499 per
1102 3423 1133 3480 te
1151 3420 1202 3483 vel
1220 3441 1280 3504 per
1296 3423 1400 3492 alium
1415 3447 1475 3494 seu

343 3504 428 3570 alios
445 3503 593 3570 omnibns
609 3506 870 3587 predicatoribus
886 3522 919 3579 et
936 3520 1166 3588 executoribus
1193 3530 1298 3597 erucis
1316 3534 1475 3600 eeclesia·

342 3611 443 3694 stieis,
462 3612 662 3678 secularibus
689 3623 720 3681 et
745 3617 920 3704 religiosis,
947 3643 1006 3707 pro
1031 3634 1118 3695 terre
1134 3641 1251 3701 sancte
1268 3639 1422 3707 subsidio
1439 3643 1474 3706 in

342 3717 428 3784 dioto
446 3720 559 3800 Regno
584 3743 604 3785 a
630 3722 714 3788 Sede
739 3725 933 3808 Apostolica
955 3733 1131 3822 deputatis,
1151 3749 1211 3805 aut
1236 3743 1270 3808 in
1298 3754 1473 3831 posterum

342 3824 552 3909 deputandis,
571 3827 654 3892 utin
680 3831 842 3914 omnibus,
868 3854 932 3916 que
957 3843 1154 3920 promotioni
1171 3848 1248 3914 dicti
1265 3855 1397 3936 negotii
1416 3877 1473 3924 ex-

339 3931 452 4015 pedire
469 3935 672 4019 cognoveris,
691 3936 750 4000 tibi
768 3939 938 4025 assistant,
966 3947 1130 4033 obediant,
1153 3967 1294 4036 pareant
1310 3968 1344 4025 et
1361 3962 1473 4032 inten-

339 4035 439 4121 dant,
465 4039 656 4105 assumendi
672 4043 770 4106 etiam
787 4045 914 4127 aliquos
940 4051 1161 4122 Ecclesiarum
1188 4061 1349 4152 Prelatos,
1368 4071 1472 4138 alios-

339 4161 402 4223 que
419 4143 591 4228 religiosos
609 4153 641 4212 et
656 4149 821 4216 seculares
847 4155 993 4222 eiusdem
1018 4159 1131 4246 Regni,
1160 4166 1200 4230 de
1228 4172 1351 4250 quibus
1369 4197 1471 4261 expe-

339 4248 409 4314 dire
426 4249 558 4332 videris,
576 4254 661 4319 utin
678 4253 750 4338 biis,
768 4277 832 4340 que
846 4269 999 4343 spectant
1014 4266 1058 4332 ad
1075 4269 1180 4353 ipsius
1196 4280 1320 4359 negotii
1338 4301 1472 4366 promo-

336 4355 468 4438 tionem,
486 4357 546 4422 tibi
564 4361 733 4444 assistant,
755 4363 927 4431 intendant
944 4377 976 4434 ct
992 4373 1157 4454 obediant,
1176 4387 1209 4444 et
1224 4390 1292 4448 tam
1311 4392 1469 4470 predica-

336 4467 426 4526 tores
443 4469 475 4524 et
492 4473 683 4531 executores
709 4469 882 4553 predictos,
909 4493 1003 4552 quam
1032 4480 1181 4551 Prelatos
1209 4488 1363 4575 aliosque
1390 4501 1470 4565 reli·

335 4563 447 4648 giosos
479 4573 511 4630 et
543 4571 709 4634 seculares
741 4573 924 4640 huiusmodi
951 4581 993 4644 ad
1028 4585 1098 4668 boc,
1128 4591 1155 4656 si
1183 4613 1323 4664 necesse
1353 4601 1467 4688 fuerit,
