3270 5280
369 1368 391 1431 1
395 1366 431 1433 V.
454 1365 537 1432 Belo
551 1366 660 1452 kirdiy
668 1363 869 1452 Ssiplipetbrt
884 1385 966 1430 caere
993 1362 1119 1452 fejtbea
1128 1385 1149 1426 o
1163 1351 1401 1446 punnouiolma'
1410 1351 1507 1438 opet-

599 1472 720 1559 sa'paolt
734 1475 804 1536 mee
819 1470 954 1536 birtoltot
970 1470 1065 1558 enped
1081 1467 1172 1534 aitcl.
1196 1465 1296 1530 1262.

478 1667 562 1736 Belo
577 1669 644 1736 Dei
659 1667 776 1752 gracia
793 1665 964 1753 Hungeuie
972 1713 982 1750 ,
998 1665 1172 1735 Daimacie
1181 1714 1191 1748 ‚
1209 1660 1367 1737 Oroatis,
1383 1659 1505 1735 Rama,

369 1775 493 1858 Seruio,
509 1773 660 1860 Gallicis,
676 1774 892 1860 Lodomerie,
917 1773 1138 1856 Oumauieque
1153 1773 1224 1838 Rex
1248 1765 1408 1837 omnibus
1434 1769 1506 1829 tam

361 1879 577 1966 ,presentibus
598 1902 699 1964 quam
715 1881 832 1950 futuris
856 1890 1030 1970 presentes
1045 1881 1172 1948 litteras
1197 1874 1397 1962 inspecturis
1415 1869 1506 1938 salu·
1565 1947 1570 1964 Ι

368 1996 436 2054 tem
452 1989 487 2056 in
504 1989 648 2056 omnium
680 1991 864 2057 Saluatore.
899 1988 951 2056 Au
976 1990 1199 2056 uniuersorum
1223 1985 1383 2052 noticiam
1412 1979 1506 2047 volu·

368 2116 441 2164 mus
457 2097 642 2182 peruenire,
668 2096 757 2179 quod
774 2117 847 2163 cum
862 2097 1023 2172 insulam,
1053 2116 1117 2180 que
1143 2094 1205 2160 fuit
1234 2091 1375 2161 Koliani
1411 2089 1509 2154 iuxta

368 2201 567 2285 Belsinum,
585 2201 682 2266 simul
698 2220 771 2268 oum
787 2212 897 2272 monte
915 2205 950 2270 in
967 2204 1082 2271 eadem
1100 2203 1275 2283 existente,
1294 2205 1411 2284 aptam
1445 2211 1507 2279 pro

370 2307 556 2374 municione
570 2306 736 2393 facienda,
753 2310 828 2395 ipso
845 2311 988 2378 Koliano
1013 2311 1084 2376 sine
1101 2309 1280 2375 liberorum
1298 2302 1433 2372 solacio
1450 2299 1507 2364 de·

372 2413 512 2480 cedente
529 2413 679 2482 Ecclesie
696 2416 811 2483 Sancti
832 2418 965 2484 Martini
990 2416 1031 2482 de
1057 2418 1159 2484 Sacro
1185 2415 1297 2480 Monte
1322 2407 1506 2477 Pannouie

369 2520 432 2587 sub
448 2519 573 2588 eisdem
589 2524 687 2590 metis
703 2530 736 2591 ot
751 2525 918 2602 terminis,
943 2525 1062 2607 quibus
1079 2523 1167 2590 idem
1191 2521 1358 2588 Kalianus
1385 2521 1505 2580 tenue·

370 2633 441 2711 rat,
459 2628 728 2715 contulissemus;
745 2639 778 2697 et
793 2631 994 2698 venerabilis
1011 2631 1061 2696 vir
1077 2629 1188 2696 Fenus
1204 2628 1317 2693 Abbas
1334 2624 1426 2690 dicte
1442 2619 1507 2688 Ec·
1551 2627 1555 2644 '

364 2732 473 2800 clesie
483 2783 492 2819 ,
517 2735 660 2803 dilectus
676 2742 709 2802 et
728 2735 847 2820 tidelis,
863 2745 973 2804 noster
989 2736 1124 2804 utilitati
1147 2733 1300 2800 Ecclesie
1317 2729 1511 2814 inuigilaus

371 2840 408 2906 in
434 2839 585 2925 predicto
612 2849 721 2908 moute
747 2851 890 2910 castrum
906 2845 1026 2912 bonum
1043 2851 1075 2909 et
1092 2843 1217 2908 vtilein
1232 2858 1357 2922 magua
1374 2856 1509 2902 summa

372 2948 513 3031 pecunie
531 2950 789 3034 construxisset;
807 2950 941 3016 tandem
957 2949 1164 3035 postmodum
1175 2947 1302 3036 placuit
1318 2943 1415 3010 nobis
1433 2963 1509 3028 pre·

371 3054 461 3120 dicto
478 3052 602 3121 Abbati
619 3063 652 3121 et
667 3056 870 3141 Conueutui,
897 3065 932 3123 vt
946 3058 1053 3142 ipsam
1072 3057 1213 3124 insulam
1241 3062 1275 3119 et
1294 3058 1445 3120 castrum
1464 3049 1510 3117 ad

371 3179 434 3228 nos
451 3161 673 3245 reciperemus
688 3183 747 3247 pro
764 3163 967 3246 concambio,
984 3166 1095 3246 sicque
1107 3164 1152 3229 ad
1163 3182 1223 3229 nos
1241 3161 1446 3245 recipientes
1466 3158 1511 3224 do

371 3269 543 3334 voluntate
559 3267 701 3333 Abbatis
718 3275 752 3333 et
776 3270 962 3337 Conuentus
988 3269 1230 3356 predictorum,
1256 3269 1324 3352 ipsi
1352 3263 1511 3332 Ecclesie

372 3373 486 3440 Sancti
505 3372 638 3440 Martini
653 3375 687 3439 in
704 3377 995 3443 commutacionem
1011 3378 1156 3443 eiusdem
1182 3377 1295 3441 villam
1324 3381 1358 3438 et
1383 3379 1511 3438 terram

372 3487 519 3546 nostram
537 3481 578 3546 de
594 3479 669 3546 Bok
685 3481 880 3548 existentem
896 3483 929 3548 in
955 3483 1117 3550 Comitctu
1142 3481 1333 3548 Zaiadiensi
1359 3481 1424 3547 sub
1453 3499 1511 3545 ea·

372 3584 446 3650 dem
464 3585 616 3652 libertate
633 3593 666 3651 et
682 3586 804 3669 debito,
833 3589 917 3654 sieut
941 3589 1088 3672 hospites
1114 3588 1147 3654 in
1175 3588 1293 3654 eadem
1320 3589 1512 3655 existentes

372 3693 471 3759 nobis
488 3693 685 3759 tenebantur
694 3743 703 3776 ,
729 3701 828 3780 prout
844 3694 878 3759 in
894 3695 1039 3780 ipsorum
1055 3694 1228 3778 priuilegio
1246 3695 1352 3761 series
1370 3694 1511 3759 liberta·

373 3798 417 3863 tis
433 3799 581 3882 ipsorum
598 3799 728 3883 plenius
745 3798 912 3885 declarat,
937 3807 969 3866 et
985 3821 1044 3885 per
1061 3800 1194 3867 easdem
1210 3809 1329 3886 metas,
1354 3807 1458 3885 prout
1474 3801 1513 3866 ii-

373 3903 448 3970 dem
463 3903 612 3989 hospites
625 3907 732 3991 ipsam
749 3915 869 3973 terram
886 3913 1077 3990 tenuerunt;
1103 3907 1179 3973 item
1204 3915 1329 3972 terrem
1354 3909 1513 3974 Debreta

372 4021 595 4095 nuncupatam
612 4012 723 4080 Castri
738 4011 926 4094 Nitrieusis,
943 4010 1026 4077 iuter
1043 4013 1117 4095 Vag
1132 4019 1166 4078 et
1182 4012 1329 4099 Duduag
1357 4017 1512 4083 existen-

371 4124 438 4182 tem
463 4115 497 4180 iu
521 4121 636 4203 metis,
669 4115 787 4200 quibus
812 4123 955 4182 castrum
988 4117 1113 4200 tenuit;
1147 4119 1225 4184 item
1252 4128 1378 4188 terram
1404 4123 1512 4190 Alma

373 4221 484 4289 castri
494 4219 702 4308 simigiensis
720 4221 818 4288 sitam
835 4222 925 4287 iuxta
941 4229 1061 4289 terram
1071 4223 1371 4296 eiusdemEcclesie
1388 4230 1512 4298 Sancti

371 4329 506 4396 Martini
522 4329 660 4397 daville
685 4329 779 4396 Secti
795 4328 946 4395 Ladislai
966 4328 1118 4397 similiter
1148 4331 1182 4396 in
1198 4332 1324 4400 eisdem
1349 4339 1449 4406 metis
1476 4348 1512 4408 et

371 4435 532 4518 terminis,
563 4438 680 4518 quibus
713 4441 857 4501 castrum
873 4435 979 4501 tenuit
1010 4443 1043 4500 et
1052 4435 1208 4524 possedit,
1224 4449 1389 4529 perpetuo
1407 4446 1511 4514 duxi-
