3230 5268
889 341 954 412 254

849 427 1005 446 -—-.-.

364 565 479 636 pacem
495 561 581 608 nune
597 539 718 606 saetam
733 537 871 606 fideliter
888 541 1076 624 observare,
1093 545 1127 606 et
1142 561 1201 608 nos
1218 541 1371 612 inducere
1387 546 1486 612 iuxta

364 673 463 743 90⁸⁵ss
487 651 575 718 ¹2⁰1la
600 645 663 712 fille
688 648 730 712 ed
756 648 917 732 premissa
943 656 1058 716 nostra
1084 669 1124 714 ao
1144 668 1207 715 suu
1222 653 1395 736 seruanda,
1412 655 1486 720 suis

364 781 461 848 super
476 759 538 828 hoe
555 757 637 838 Regi
652 755 785 822 Boemie
802 757 919 822 litteris
937 756 1066 824 traditis
1092 767 1124 823 et
1149 761 1326 828 concessis.
1344 761 1396 826 Ad
1420 762 1486 828 hoe

364 881 399 940 ut
416 865 589 940 concordie
605 871 638 930 et
655 865 774 930 amoris
797 863 934 931 dulcedo
961 866 1044 932 inter
1070 865 1175 953 ipsum
1200 871 1322 952 Regem
1348 869 1485 936 Boemie

364 986 397 1050 et
412 1000 473 1046 nos
489 974 688 1064 propagines
704 991 782 1040 suas
800 972 901 1040 saciat
925 974 1100 1058 longiores,
1118 975 1304 1042 ordinatum
1330 977 1438 1044 extitit
1461 998 1488 1042 a

363 1085 517 1178 predictis
543 1081 723 1150 Batonibus
749 1082 848 1165 Regis
875 1085 1008 1150 Boemie
1034 1093 1066 1150 et
1090 1087 1209 1151 uostris
1235 1085 1486 1154 adtractatum

364 1195 525 1286 presentis
550 1191 642 1280 pacis
669 1191 858 1278 specialiter
884 1191 1063 1277 deputatis,
1089 1201 1123 1258 ut
1150 1193 1235 1260 idem
1260 1197 1330 1262 Rex
1346 1195 1485 1262 Boemie

365 1303 582 1372 Lombardum
599 1296 810 1384 Stephanum,
821 1307 972 1386 nepotem
983 1300 1181 1368 llarcbionis
1192 1303 1351 1388 Estcnsis,
1371 1313 1402 1368 et
1421 1323 1484 1370 nos

365 1412 548 1500 Philippum
566 1409 712 1474 Electum
729 1406 979 1490 equilegensem
1006 1430 1026 1474 a
1051 1417 1164 1476 nostra
1188 1411 1348 1478 societate
1374 1412 1486 1478 exclu-

366 1524 445 1594 dere
461 1521 661 1588 deberemus.
687 1519 757 1584 Nos
782 1517 892 1600 itaque
917 1517 1007 1584 iuxta
1032 1521 1156 1605 placita
1181 1529 1215 1587 el
1239 1521 1484 1590 ordinacionem

365 1634 530 1704 Beronum
546 1633 724 1694 nostrorum
742 1627 926 1693 iuramento
957 1629 1119 1696 firmatam
1145 1629 1344 1698 exclusimus
1369 1639 1403 1696 et
1428 1651 1483 1696 ex-

365 1723 525 1808 cludimus
541 1757 562 1803 a
579 1745 691 1804 nostra
713 1733 869 1802 socictate
895 1743 927 1800 et
954 1735 1102 1804 amicicia
1127 1737 1318 1806 omnimodis
1344 1737 1485 1806 eundem

364 1849 559 1936 Philippum,
585 1866 648 1910 non
673 1844 880 1910 obstantibus
896 1843 1013 1910 litteris
1029 1847 1194 1914 concessis
1210 1846 1324 1932 eidem,
1353 1852 1386 1912 et
1410 1867 1485 1932 pro-

364 1957 575 2026 missionibus
592 1953 655 2018 sibi
682 1951 797 2035 laol.is;
824 1951 931 2016 eidem
956 1953 1068 2034 itaque
1083 1974 1147 2019 non
1164 1953 1356 2020 assistemus
1374 1954 1486 2024 consi·

364 2067 420 2150 lio,
436 2063 559 2133 anxilio
577 2069 609 2127 et
626 2061 739 2126 lavore
750 2083 756 2123 :
769 2079 841 2126 cum
858 2059 944 2128 idem
962 2065 1033 2128 Rex
1049 2063 1183 2131 Boemie
1199 2063 1400 2148 Stephanum
1412 2082 1485 2146 pre·

365 2177 485 2244 dietum
502 2170 651 2238 similiter
668 2167 842 2235 excluserit
858 2169 898 2235 de
917 2189 977 2235 sua
1002 2171 1173 2254 societate,
1200 2171 1425 2238 familiaritate
1451 2179 1485 2238 et

365 2282 526 2365 amicicia,
543 2285 577 2346 et
592 2277 723 2362 penitus
739 2278 930 2362 removerit,
956 2297 1016 2345 seu
1032 2278 1162 2346 omniuo
1179 2286 1212 2348 et
1227 2280 1417 2365 specialiter
1432 2299 1484 2348 as·

366 2390 550 2478 sumpserit,
567 2407 634 2454 non
650 2390 819 2472 receptare
836 2387 889 2452 vel
905 2385 1016 2454 fovere
1033 2388 1169 2455 eundem
1195 2392 1227 2456 in
1253 2390 1382 2457 suiset
1405 2391 1484 2458 ami-

367 2520 477 2568 corum
492 2515 624 2565 suorum
641 2492 756 2561 linibus
773 2493 843 2560 sire
855 2497 960 2580 terris,
973 2497 1164 2580 promittens
1181 2517 1253 2564 eum
1269 2498 1443 2590 excludere
1454 2505 1486 2567 et

366 2606 498 2679 excludi
514 2605 623 2672 facere
639 2599 679 2668 de
700 2601 835 2670 eisdem.
862 2603 1065 2672 Exclusimus
1091 2607 1198 2673 eciam
1222 2614 1254 2674 et
1279 2607 1485 2676 excludimus

364 2719 571 2790 wilhelmum
588 2713 628 2780 de
639 2710 856 2778 Sarfenhereh
873 2720 905 2780 et
921 2713 1092 2782 Nicolaum
1108 2717 1150 2782 de
1169 2716 1383 2784 Lebenbereh
1399 2732 1487 2783 ano·

365 2837 432 2899 stro
449 2823 598 2907 servicio,
616 2820 726 2907 gracia
742 2826 774 2888 et
790 2820 911 2904 farore,
930 2824 1157 2908 promittentes
1174 2825 1208 2892 in
1224 2823 1441 2892 defendendis
1452 2833 1486 2892 et

366 2933 552 3008 detinendis
569 2928 687 2999 castris
703 2930 845 3014 ipsorum
862 2938 975 2999 contra
990 2933 1114 3017 Regem
1131 2934 1264 3002 Boemie
1281 2940 1315 3002 et
1329 2953 1485 3002 euoenon

365 3049 488 3116 iurare.
506 3043 586 3108 Item
602 3035 828 3106 renunciamus
844 3037 907 3106 iuri
922 3046 954 3106 et
979 3041 1119 3126 accioni,
1143 3043 1230 3126 quod
1247 3049 1281 3109 et
1306 3061 1370 3126 qne
1395 3041 1484 3110 ride·

365 3155 483 3224 bantur
499 3147 595 3216 uobis
611 3152 801 3230 competere,
834 3165 892 3212 scu
908 3149 1011 3214 eciam
1038 3149 1268 3234 competebant
1292 3149 1325 3216 in
1349 3150 1484 3218 Dueati·

364 3262 426 3331 bus
443 3257 551 3341 Stirie,
568 3251 752 3337 Karintbie,
769 3253 921 3322 Carniole
938 3263 969 3322 et
988 3256 1141 3340 oloronis,
1168 3259 1290 3326 nullam
1307 3259 1349 3327 de
1374 3266 1483 3328 cetero

365 3375 478 3442 nostro
493 3365 547 3436 vel
562 3361 715 3431 heredum
730 3367 911 3431 nostrorum
935 3366 1066 3433 nomine
1091 3374 1204 3435 eontra
1228 3367 1335 3454 ipsum
1358 3369 1482 3456 Regem

366 3487 399 3547 et
415 3496 492 3548 suos
519 3471 655 3540 heredes
682 3473 797 3538 moturi
829 3474 1000 3541 materiam
1026 3474 1216 3558 questionis.
1240 3479 1480 3544 Renunciamns

365 3589 497 3670 insuper
509 3583 575 3668 juri
592 3589 625 3648 ct
639 3581 767 3648 accioni
783 3582 877 3648 nobis
893 3590 924 3648 et
940 3583 1059 3650 nostris
1077 3583 1248 3652 heredibus
1274 3586 1481 3672 competenti-

362 3694 423 3762 bus
439 3694 480 3760 de
495 3689 646 3778 insigniis
661 3690 857 3774 Regalibus;
883 3710 1002 3758 corona
1017 3691 1179 3776 videlicet,
1205 3693 1327 3778 gladio,
1352 3693 1476 3778 monili,

365 3804 459 3885 sella,
485 3799 629 3868 scutellis
656 3805 688 3866 et
705 3799 779 3866 aliis
797 3799 954 3867 clenodiis
971 3819 1011 3866 ae
1028 3801 1180 3870 thesauro
1197 3803 1315 3870 delatis
1341 3823 1399 3887 per
1424 3800 1480 3868 do-

367 3914 486 3981 minam
504 3914 631 3980 Annam
647 3911 682 3976 in
697 3912 843 3995 Regnum
858 3913 1059 3978 Boemorum.
1087 3913 1170 3979 item
1189 3911 1337 3997 predicte
1353 3910 1480 3978 ordina-

366 4022 452 4090 cioui
468 4027 500 4090 el
515 4019 590 4107 paci
606 4018 730 4086 includi
746 4019 893 4086 volumus
911 4027 944 4086 et
969 4020 1164 4088 includimus
1199 4022 1396 4088 excellentes
1424 4019 1480 4086 do·

366 4129 480 4214 minos,
497 4128 681 4215 Philippum
697 4127 897 4194 Francorum
913 4137 945 4195 et
962 4129 1119 4195 Karulum
1136 4130 1247 4198 Sicilie
1263 4131 1372 4214 Reges
1397 4128 1480 4196 Illu-

365 4249 462 4325 atres,
480 4237 638 4306 Karalum
658 4236 821 4322 juniorem
848 4236 1100 4322 Primogenitum
1117 4239 1221 4324 ipsius
1240 4237 1339 4324 Regis
1354 4236 1480 4322 Karuli,

365 4365 518 4434 generum
534 4353 696 4431 nostrum;
717 4344 911 4413 Michaelem
927 4346 1087 4433 Angelum
1102 4348 1313 4430 Paleologum
1338 4346 1479 4431 Impera·

365 4462 471 4525 torem
487 4455 681 4540 (trecorum
697 4454 914 4522 Andronicum
926 4455 1090 4540 juniorem
1109 4459 1341 4542 Imperatorem
1358 4455 1478 4524 Greco-

364 4581 453 4649 rem,
474 4582 627 4648 generum
642 4569 784 4629 nostrum
803 4588 811 4650 ς
828 4565 1000 4632 Boualaum
1026 4564 1183 4633 Graoovie
1209 4571 1241 4633 et
1266 4562 1480 4632 Sandomerie

366 4670 532 4744 Boialaum
547 4671 678 4746 Maioris
690 4673 832 4762 Polonie5
851 4673 1184 4748 HenricumBauarie
1200 4673 1333 4748 inolitos
1350 4671 1471 4760 Duces,
