3270 5280
713 326 735 392 3

658 415 799 429 *-

153 517 276 586 macto
292 519 448 586 Albensis
466 519 621 587 Ecclesia
638 522 757 588 tamin
774 519 999 607 spiritualibus
1025 541 1122 606 quam
1148 524 1180 589 in
1207 531 1287 592 tem·

153 624 324 710 poralibus
341 633 392 693 est
408 645 590 711 concessa3
607 628 650 696 de
667 647 807 698 assensu
824 629 929 696 eciam
948 630 1087 698 Abbatis
1098 633 1288 700 etconuen-

149 737 204 799 tus
235 735 348 801 Sancti
378 735 510 803 Martini
541 739 782 822 composuimus
814 739 898 804 inter
929 757 986 805 eos
1026 739 1059 804 in
1095 740 1182 806 bunc
1222 761 1287 808 mo·

151 837 247 907 dum:
279 840 373 921 Quod
390 863 464 909 cnm
479 843 642 914 Albenses
660 845 856 915 (lenonicia
883 847 951 914 suis
978 848 1110 934 populis
1136 867 1200 914 non
1220 849 1285 914 cxi-

152 955 254 1034 gant,
280 951 324 1018 ad
350 953 558 1037 exportanda
584 955 662 1020 vina
687 955 740 1021 vel
765 953 850 1020 ullas
876 971 930 1021 res
946 951 1125 1022 decimales
1141 955 1284 1041 sigillum

152 1075 265 1124 eorum
283 1057 355 1124 dari
371 1079 437 1126 non
455 1059 583 1144 debeat,
601 1061 660 1128 sed
677 1061 720 1128 ed
732 1081 773 1128 ea
790 1061 998 1146 exportanda
1015 1061 1157 1144 sigillum
1173 1063 1283 1129 Abba-

153 1166 196 1232 tis
222 1167 336 1234 Sancti
361 1169 493 1236 Martini
519 1171 648 1256 populis
673 1157 828 1238 Albensi's
854 1169 1002 1238 Ecclesia
1023 1169 1224 1238 concedatur
1241 1171 1285 1236 ud

154 1291 216 1338 sua
231 1276 309 1341 uina
325 1277 457 1364 propria
473 1278 699 1363 exportanda,
720 1277 784 1346 fide
800 1287 912 1346 tamen
938 1278 1112 1346 eorundem
1139 1284 1283 1363 recepta,

152 1383 239 1464 quod
256 1383 363 1454 vinum
380 1385 523 1452 alienum
540 1387 593 1454 vel
610 1387 694 1452 alias
711 1406 763 1454 res
781 1385 959 1453 decimales
977 1406 1035 1454 suo
1062 1387 1192 1453 nomine
1218 1407 1282 1453 non

150 1497 334 1574 exportant.
370 1493 523 1560 Pneterea
531 1543 540 1578 ‚
558 1493 643 1578 quod
659 1495 815 1562 canonici
831 1495 884 1562 rel
899 1495 1013 1580 populi
1029 1513 1087 1562 seu
1114 1495 1203 1562 serui
1230 1514 1281 1561 eo

151 1616 221 1663 rum
247 1601 491 1685 conrecipient
516 1608 647 1688 segetes
673 1602 727 1670 vel
752 1602 832 1668 vina
857 1604 995 1670 aliorum
1022 1602 1054 1667 in
1072 1600 1197 1668 horreis
1214 1601 1282 1668 suis

151 1704 205 1772 rel
238 1707 381 1775 cellariis
412 1710 534 1777 Abbati
579 1710 725 1778 decimas
759 1709 972 1794 debencium,
1018 1729 1058 1774 ne
1084 1711 1144 1778 sub
1171 1727 1281 1777 eorum

151 1813 326 1881 occasione
342 1812 471 1882 decime
486 1816 607 1884 Abbati
638 1819 681 1884 ab
713 1819 789 1884 aliis
821 1817 932 1884 debite
952 1818 1173 1902 ‘occultentur
1200 1817 1281 1882 item

150 1921 238 2003 quod
254 1941 367 1988 omnes
383 1923 494 1990 clerici
509 1924 664 1992 Albensis
680 1924 840 2010 Ecclesia,
858 1923 1097 2007 qualiscunque
1114 1925 1280 1992 condicio·

149 2028 202 2096 nis
219 2029 303 2114 sint,
321 2034 471 2114 exceptis
488 2031 541 2117 le,
558 2032 613 2116 qui
629 2031 745 2098 sedent
760 2033 794 2097 in
809 2033 906 2100 terris
929 2033 1072 2118 ipsorum
1089 2032 1279 2100 Albensium

149 2155 215 2202 nou
231 2137 468 2221 decimalibus,
491 2137 665 2206 decimales
681 2137 770 2204 fiant.
803 2140 884 2206 Item
912 2157 1025 2205 omnes
1051 2141 1278 2222 possessiones

149 2244 305 2312 Albensis
332 2245 483 2313 Ecclesia
508 2247 542 2312 in
568 2245 731 2312 comitatu
757 2244 947 2331 simigiensi
975 2246 1167 2332 constitute,
1189 2269 1278 2331 'quas

149 2360 225 2437 post
240 2361 370 2438 tempus
396 2353 523 2438 arbitrij
550 2377 569 2420 e
596 2355 839 2422 venerabilibus
864 2353 1013 2437 putribus
1040 2354 1183 2421 Roberto
1200 2365 1277 2424 tunc

149 2459 398 2544 vesprimiensi,
421 2459 580 2546 Gregorio
597 2459 772 2539 lauriensi,
787 2460 913 2527 Jacobo
929 2459 1089 2526 Nitriensi
1106 2461 1279 2550 Episcopls

148 2565 269 2654 prolati
286 2568 471 2653 acquisiuit,
487 2566 666 2634 decimales
681 2567 760 2634 liant
777 2573 907 2652 proptor
928 2567 1174 2652 possessiones,
1192 2589 1276 2652 quas

149 2676 286 2744 Cosmus
311 2675 497 2761 Episcopus
515 2675 547 2740 in
565 2675 681 2744 eodem
699 2675 862 2742 Comitatu
889 2673 937 2739 eis
958 2673 1059 2740 dedit.
1083 2674 1154 2741 Nos
1171 2679 1276 2744 eclam

148 2783 256 2850 eidem
272 2783 491 2859 Monaslerio‚
507 2791 542 2849 vl
557 2783 737 2850 Albensem
755 2781 936 2848 Ecclesiam
958 2782 1001 2846 ab
1018 2779 1121 2866 ipsius
1149 2781 1275 2868 impeti-

149 2892 242 2960 cione
259 2909 432 2977 possemus
448 2892 608 2968 liberare,
635 2889 858 2957 concessimus
872 2889 1064 2957 vicesimam
1079 2887 1276 2959 deeimarum

148 3000 244 3067 nobis
261 2999 294 3064 in
311 2998 475 3064 Comitatu
491 2999 680 3085 Simigiensi
695 2997 960 3083 prouenientem3
989 2996 1174 3081 Capitulum
1197 3019 1276 3066 vcro

147 3108 303 3175 Albensis
318 3108 469 3174 Ecclesia
485 3106 682 3174 unanimiter
697 3114 730 3176 et
747 3105 952 3174 concorditer
963 3105 1126 3190 capellam
1139 3103 1179 3172 de
1196 3108 1278 3174 villa

148 3215 257 3300 Bagai
273 3216 318 3282 ad
334 3235 370 3282 se
387 3215 489 3282 libere
506 3215 742 3300 pertinentem,
759 3219 792 3281 et
807 3215 914 3299 ipsam
933 3211 1046 3278 villam
1072 3213 1179 3296 Bagat
1204 3231 1277 3278 eum

149 3326 224 3391 aliis
240 3323 343 3389 tribus
358 3322 465 3408 villis,
483 3321 554 3389 foro
571 3329 603 3390 et
618 3321 768 3389 omnibus
794 3321 838 3387 ad
865 3317 1005 3387 eandem
1030 3319 1142 3385 villam
1168 3321 1276 3404 Bagai

148 3431 385 3519 pertinentibus
401 3431 601 3498 Monasterio
619 3431 732 3498 Sancti
758 3427 889 3496 Martini
915 3427 1122 3494 contulerunt
1138 3446 1178 3492 eo
1205 3426 1275 3494 inre

148 3537 402 3627 possidendam,
420 3559 484 3622 quo
501 3539 695 3622 abantiquo
712 3537 777 3624 ipsi
793 3533 1021 3622 possederunt.
1054 3533 1139 3600 Huic
1165 3540 1275 3600 autem

150 3647 506 3734 composicioniAbbus
516 3654 550 3714 et
560 3645 746 3715 Conuenlus
763 3644 874 3712 Sancti
890 3641 1022 3708 Martini
1032 3653 1275 3730 consenserunt,

149 3780 189 3828 ac
204 3759 293 3827 omni
310 3759 379 3842 liti,
396 3757 457 3823 iuri
475 3763 509 3823 et
524 3757 652 3824 accioni
662 3807 671 3843 ,
692 3775 756 3840 quc
772 3755 805 3821 in
830 3753 893 3818 boc
917 3752 1005 3819 lacto
1030 3750 1197 3819 habebant
1222 3752 1276 3818 rel

149 3867 271 3936 babere
286 3863 504 3950 videbantur,
536 3871 706 3932 cesserunt
722 3870 754 3932 et
768 3859 999 3930 renunciamnt
1013 3861 1079 3924 tam
1096 3857 1160 3943 ipsi
1177 3877 1274 3942 quam

149 3977 294 4044 Albense
325 3972 512 4059 Capitulum
539 3970 736 4040 unanimiter
767 3968 1014 4058 promittentes,
1050 3984 1086 4032 se
1111 3985 1275 4049 nunquam

149 4091 260 4152 comma
276 4082 361 4150 hano
376 4083 514 4148 sormam
529 4079 784 4165 composicionis
800 4094 1022 4164 processuros.
1065 4073 1101 4141 Si
1117 4093 1179 4158 que
1197 4093 1275 4142 vero

148 4191 297 4278 parcium
313 4195 429 4258 contra
444 4189 479 4256 id
495 4195 621 4256 temere
646 4189 786 4274 veniret,
801 4189 967 4253 trecentus
991 4200 1121 4250 marcus
1146 4179 1276 4264 argenti

147 4301 235 4388 parti
250 4299 338 4368 lianc
354 4297 627 4386 composicionem
643 4294 835 4366 obseruanti
851 4293 982 4362 soluere
1007 4295 1182 4358 teneretur.
1207 4290 1275 4356 Da-

146 4417 213 4479 tum
229 4409 264 4476 in
280 4408 383 4478 Eolun
399 4407 503 4477 tercio
519 4405 597 4476 ldus
614 4406 710 4494 lunii.

312 4583 459 4660 (Eredetie
472 4601 490 4639 a
501 4580 717 4642 iaanentreoni
731 4576 885 4653 ldspitsdg
897 4573 1120 4645 lereltirdban.)

1059 4720 1098 4786 1·
