3270 5280
634 325 793 424 *ge*

148 539 225 587 oum
241 527 372 588 careret
392 521 516 588 solaoio
532 521 717 605 liberorum,
732 529 841 588 'terras
858 540 938 588 suat
964 520 1102 587 Tamasi
1124 529 1157 588 et
1179 522 1285 590 Petnd

147 636 361 714 nuncupatas
386 629 583 696 monasterio
599 629 694 696 Beati
711 630 846 696 Martini
861 629 897 696 in
913 629 1156 714 eleemosynam
1168 649 1284 716 perpe·

30 749 39 764 ¹
149 744 245 802 tuam
263 754 371 802 eoram
387 735 526 802 Albensi
542 733 695 823 capitulo
711 736 887 803 eontulerit
902 736 1036 818 paeifioe
1052 737 1283 819 possidendas·

150 846 234 913 (lnm
261 849 372 912 autem
397 844 600 912 donaciones
635 845 883 929 possessionum
909 844 997 912 laete
1023 845 1095 912 sine
1120 864 1283 913 eonsensu

148 953 257 1035 Regio
272 973 339 1021 non
355 955 484 1038 possint
498 953 684 1039 perenniter
700 951 864 1037 stabiliri5
890 953 967 1020 ideo
999 974 1020 1018 a
1043 952 1138 1020 nobis
1153 951 1278 1019 instan-

150 1059 281 1129 tissime
297 1061 501 1146 postulauit,
518 1066 681 1143 quatenus
697 1061 762 1126 iam
782 1059 868 1126 diets
895 1059 1027 1127 domine
1052 1058 1159 1125 saetas
1185 1060 1283 1126 dona·

151 1169 268 1236 oiones
283 1176 398 1238 nostro
414 1166 625 1252 dignaremur
640 1167 817 1253 priuilegio
833 1167 1035 1234 eonfirmare.
1061 1165 1185 1232 Verum
1205 1165 1284 1250 qnia

151 1276 238 1342 idem
260 1277 494 1344 monesterium
526 1275 666 1360 speciali
699 1275 824 1358 gaudet
854 1275 1039 1360 priuilegio,
1066 1284 1097 1340 et
1122 1294 1196 1339 enm
1221 1291 1282 1339 nos

152 1384 288 1451 aliunde
304 1404 363 1468 pro
379 1385 580 1452 incremento
596 1383 748 1450 vtilitatis
764 1379 912 1450 eiusdem
929 1382 964 1447 in
980 1380 1032 1446 his
1049 1387 1082 1444 et
1107 1379 1181 1444 aliis
1208 1397 1282 1446 esse

152 1493 356 1560 fauorabiles
374 1492 576 1572 debeamus,
600 1491 798 1578 peticionem
815 1488 896 1556 dieti
913 1486 1055 1553 Abbatis
1070 1487 1190 1553 iustam
1208 1505 1283 1554 esse

150 1601 285 1666 omnino
316 1601 547 1682 attendentes,
570 1599 765 1684 premissam
794 1596 1040 1683 possessionum
1066 1593 1281 1662 oollaoionem'

151 1716 284 1792 gratam
309 1707 491 1788 habentes,
514 1707 619 1791 ipsam
647 1704 829 1772 seeundum
853 1704 992 1771 formam
1018 1703 1202 1770 litterarum
1226 1699 1281 1764 Al·

152 1815 268 1882 bensis
286 1815 431 1901 Capituli
441 1863 450 1897 ‚
477 1815 511 1881 in
528 1833 661 1898 qnorum
677 1815 850 1899 presencia
874 1810 1052 1880 earundem
1079 1809 1218 1876 donsoio
1234 1807 1281 1874 ia·

150 1931 205 1990 ota
221 1923 348 2008 inerat,
364 1923 428 2009 ipsi
444 1922 646 1990 monasterio
661 1928 773 1988 nostro
790 1919 985 1987 auctoritate
1002 1921 1209 2003 preseneinm
1223 1915 1281 1981 ‹in-

149 2033 258 2098 ximus
284 2027 551 2098 confirmandam.
583 2029 729 2108 Quarum
752 2028 884 2112 quidem
910 2027 1096 2093 litterarum
1120 2022 1278 2092 Albensis

52 2227 55 2236 .
151 2139 301 2226 Capituli
316 2145 408 2204 tenor
424 2139 500 2204 tais
515 2143 584 2204 est:

260 2242 524 2328 (Kllvelkezika
546 2242 843 2311 onelios-iehersem
867 2243 1031 2329 ktptalan
1059 2237 1197 2306 1262-ki
1220 2235 1278 2305 olr-

149 2359 276 2440 manya
285 2404 294 2437 ‚
310 2353 392 2420 mint
407 2354 508 2420 altbb
525 2354 578 2420 20.
596 2373 642 2421 sa.
659 2349 706 2439 o.)

259 2465 306 2528 Vt
321 2462 420 2546 igitur
444 2459 594 2546 prelatas
625 2458 858 2546 possessiones
891 2457 1015 2524 dietum
1046 2452 1277 2522 Monosterium

151 2575 302 2636 nostrum
317 2568 425 2654 possit
440 2573 596 2653 perpetuo
622 2573 654 2631 et
679 2564 817 2651 paoifiee
842 2563 1033 2650 possidere,
1059 2561 1093 2627 in
1111 2557 1279 2627 oonilrma·

150 2679 280 2745 oionem
298 2673 491 2741 donaoionis
508 2673 670 2758 premisse
685 2677 858 2757 presentes
875 2674 1004 2738 litteras
1014 2669 1047 2735 in
1057 2665 1278 2734 testimonium

151 2789 224 2852 deri
241 2782 379 2849 fecimus
396 2782 499 2864 sigilli
515 2781 621 2849 nostri
637 2777 779 2862 duplicis
804 2776 979 2844 munimine
1004 2774 1187 2843 roboratas.
1211 2773 1278 2838 Da-

148 2897 220 2991 tnm
236 2911 299 2978 per
324 2909 442 2957 manus
467 2889 618 2971 magistri
643 2887 797 2972 Farkesij
825 2885 934 2953 Eleoti
958 2881 1111 2950 Albensie
1130 2877 1278 2946 Eeolesie

151 3001 226 3066 aule
253 3007 367 3066 nostre
399 2995 694 3065 vioe-Oaneellarii
724 2993 835 3062 dileeti
866 3000 898 3060 et
922 2990 1030 3058 fidelis
1046 2988 1159 3055 nostri.
1182 2986 1277 3052 Anno

150 3107 284 3173 Domini
297 3105 456 3173 MGOLX.
473 3104 629 3183 seeundo,
645 3103 751 3186 Regni
768 3108 877 3169 antem
893 3099 997 3166 nostri
1016 3093 1276 3164 annovieesirno

150 3221 279 3282 ostano.

298 3408 447 3480 (Eredetie
466 3426 484 3465 e
502 3403 718 3465 ssent-mertoni
737 3399 894 3475 illapttseg
911 3395 1133 3468 levelrtrtban.)
