3250 5268
854 327 1024 432 „pro-

375 537 585 612 ben'od'oiatus
602 544 736 628 existis;
763 541 979 612 decernentes
999 541 1102 610 ‘etiam
1129 537 1328 608 auctoritate
1355 521 1505 622 predicta

373 648 498 718 irritum
517 659 550 717 et
573 649 693 736 io'aue,
719 651 748 718 si
765 658 863 718 secus
879 648 921 716 de
945 647 1137 716 huiusmodi
1163 645 1368 715 canonicatu
1385 649 1422 709 et
1436 655 1504 728 pre·

373 757 483 824 beuda
498 759 616 843 quavis
642 757 839 826 auctoritate
856 757 1036 842 contigerit
1051 776 1112 844 per
1138 755 1283 839 aliquem
1299 755 1504 836 attemptari.

373 869 490 932 Actum
506 867 539 934 iu
555 865 699 953 bospitio
723 875 838 935 nostro
855 864 945 950 apud
973 863 1248 932 UrbemVetorem
1259 912 1269 946 ,
1295 858 1505 947 presentibus

374 972 619 1042 venerabilrbns
648 973 802 1060 patribus
817 973 880 1042 Dei
896 975 1005 1059 gratia
1020 974 1059 1040 A.
1076 971 1264 1056 Urgellensi
1282 976 1315 1036 et
1330 964 1505 1033 Timotheo

375 1078 592 1163 Zagrabieusi
607 1080 796 1166 Episcopis,
825 1079 927 1147 fratre
943 1081 1159 1164 Bcutcvegna
1168 1130 1178 1164 ,
1207 1078 1310 1144 llatre
1327 1072 1449 1144 Gratia
1465 1069 1506 1135 de

375 1184 498 1254 Ordine
513 1189 695 1272 Minorem,
721 1193 755 1254 et
774 1189 934 1272 magistro
959 1189 1102 1256 Robcrtc
1120 1185 1266 1254 cantore
1291 1183 1336 1252 de
1365 1181 1503 1262 Posegn,

374 1291 825 1381 dominiPapeSubdiacouo,
837 1297 1020 1381 capellanis
1037 1295 1169 1378 uostris,
1187 1292 1396 1361 Thomasiuo
1413 1293 1502 1354 nota·

375 1401 433 1485 rio,
449 1399 613 1469 Jacobiuo
630 1403 751 1468 clerico
769 1410 801 1469 ct
812 1402 963 1470 Gnidoue
979 1404 1073 1470 Bono
1084 1401 1305 1468 familiaribus
1321 1395 1459 1478 nostris,
1475 1399 1505 1458 ct

374 1507 524 1596 pluribus
540 1510 682 1577 testibus
699 1507 822 1576 adhoc
839 1511 1034 1596 specialiter
1048 1511 1178 1578 vocatis
1196 1515 1229 1577 et
1243 1507 1385 1593 rogatis.
1407 1504 1503 1568 'Auno

377 1617 508 1683 Domini
534 1615 761 1684 MOOLXIlIl.
787 1617 1004 1686 Pontificatus
1021 1617 1147 1685 domini
1163 1617 1290 1684 Urbani
1311 1617 1407 1698 Pape
1433 1609 1504 1675 llll.

375 1742 462 1790 anno
481 1725 598 1807 tertio,
617 1725 802 1792 indictione
821 1722 890 1791 vii
908 1725 963 1793 die
978 1725 1085 1811 primo
1101 1723 1266 1791 Jauuarii.
1288 1722 1328 1786 ·In
1347 1719 1445 1785 ouius
1461 1717 1505 1780 rei

374 1829 594 1897 testimoninm
613 1850 751 1916 presens
767 1833 933 1917 pubiicum
959 1833 1212 1900 instrumentum
1228 1830 1298 1894 fieri
1313 1827 1458 1895 ‘lecimus
1475 1827 1507 1886 et

375 1937 477 2021 sigilli
493 1936 595 2005 nostri
611 1939 790 2005 munimine
806 1939 969 2008 roborari.
988 1939 1031 2004 Et
1048 1957 1112 2024 ego
1128 1937 1278 2022 Angelus
1293 1937 1337 2002 (le
1358 1931 1507 1999 Palliauo

375 2045 497 2111 Sancte
512 2043 656 2112 Romane
674 2047 824 2114 Ecclesie
840 2047 1042 2115 Scriniarius
1059 2047 1222 2134 predictis
1242 2041 1401 2126 interfui,
1421 2045 1455 2105 et
1470 2055 1508 2102 ea

375 2151 586 2219 demandato
603 2152 749 2219 eiusdem
761 2153 885 2220 domini
901 2155 1090 2222 Cardioaiis
1107 2152 1305 2238 subscripsi,
1322 2159 1358 2217 et
1375 2157 1505 2230 rogatus

376 2256 516 2326 fideliter
532 2261 710 2345 publicavi.
1421 2261 1425 2268 '
1484 2266 1496 2284 '¹

421 2485 481 2560 (iv.
494 2485 594 2545 Orbdu
606 2487 686 2562 pipo
699 2485 874 2562 megerdaltd
887 2487 1093 2562 olrmdnydboi,
1107 2485 1179 2544 mint
1192 2487 1302 2545 lenebb'
1315 2485 1364 2542 54.
1380 2503 1421 2543 sn.
1436 2481 1474 2554 a.)

811 2785 872 2794 ι...-
885 2787 896 2793 -
920 2786 1062 2804 Ι..-----.---.-

848 3473 850 3478 ,
911 3421 967 3486 ll.

380 3611 489 3678 Isocra
506 3614 681 3697 prensaret
714 3613 986 3701 biberooltpitapb’lt
1008 3637 1031 3680 c
1050 3620 1144 3702 pcipe
1169 3615 1401 3703 enpadabmc'bb'l
1423 3615 1505 3699 acjcit

381 3719 648 3796 unobcbocacock,
671 3721 776 3788 Jduos
798 3721 890 3806 cybi-i
914 3722 1107 3805 operaest
1133 3747 1153 3788 c
1178 3723 1268 3790 calci
1293 3723 1505 3810 opocarlpst

760 3827 1002 3913 adonrdoyoacc.
1027 3830 1127 3894 1264.

487 4039 672 4126 Stephanus
698 4039 908 4113 miseratione
930 4041 1054 4108 Divina
1079 4043 1503 4144 Penestrtnuslipiscopos

382 4145 502 4216 dilectu
526 4147 640 4232 nepoti
664 4167 724 4214 suo
750 4147 871 4214 Joanui
896 4147 1143 4216 Archidiacono
1168 4150 1367 4233 lauriensi‚.
1384 4146 1503 4228 domiui

381 4253 470 4338 Paos
486 4253 680 4340 Capellauo,
695 4254 834 4322 salutem
849 4254 883 4322 in
899 4253 1050 4324 Domino.
1071 4255 1240 4326 Noveritis
1259 4277 1322 4329 nos
1338 4257 1503 4346 recepisse

224 4355 244 4440 J
382 4359 509 4428 litteras
525 4361 732 4447 spostolicae
749 4361 780 4428 in
797 4361 860 4428 bac
877 4360 982 4428 forma
999 4384 1006 4424 :

499 4483 651 4552 Urbanus
677 4485 862 4570 Episcopus
893 4505 1007 4553 servus
1033 4505 1203 4556 seruorum
1231 4489 1297 4556 Dei
1322 4435 1506 4559 venrabili

385 4587 480 4655 fratri
496 4639 502 4654 .
521 4590 735 4675 ..Episcopo
759 4592 951 4662 Penestrioo
961 4642 971 4676 ,
997 4594 1136 4660 salntem
1155 4601 1188 4662 et
1205 4597 1500 4681 Apostolicambe
