3250 5268
619 357 774 464 A

122 557 190 638 bat,
208 574 354 622 necnon
371 562 454 622 etta
470 575 529 642 pro
553 565 586 622 te
611 575 709 641 snper
734 556 920 623 huiusmodi
938 559 1109 639 questione
1125 567 1251 646 sponte,

121 661 230 730 libere
247 682 287 730 ac
302 663 457 731 absolute
473 663 505 730 io
521 663 685 750 prelatum
704 663 903 749 Episcopum
920 663 1148 732 Pencslrinum
1166 684 1250 732 com-

120 770 318 856 promittere
334 769 521 839 curavistis.
548 768 759 840 Postmodum
768 789 846 837 vero
862 770 921 836 lite
938 791 1036 858 super
1052 771 1176 838 libellis
1191 792 1251 857 pro

119 881 179 943 tua
194 882 293 964 parte
309 895 420 945 coram
433 878 505 962 jann
523 875 611 947 dicto
636 877 803 964 Episcopo
818 877 1013 946 Prenestino
1029 877 1189 964 porrectis
1206 878 1250 946 ls-

16 1073 17 1078 ¹
118 983 237 1072 gitime
253 991 450 1070 contestata,
466 985 652 1074 Episcopus
661 986 744 1074 ipso,
756 986 914 1072 inspectis
925 986 1143 1074 processibus,
1154 985 1249 1068 actia,

15 1080 16 1100 ¹
117 1095 343 1173 munimentis,
361 1102 394 1164 et
408 1095 593 1164 ustionibus
609 1114 720 1163 coram
745 1114 786 1163 eo
812 1093 980 1176 exhibitis,
997 1114 1059 1164 nec
1073 1113 1139 1162 non
1154 1094 1249 1163 audi·

117 1208 172 1294 tis,
191 1227 259 1292 quc
274 1214 386 1294 partes
414 1204 526 1275 dicere
551 1225 593 1274 ac
617 1224 799 1292 proponere
824 1207 1005 1289 voluerunt,
1031 1205 1248 1274 consideratis

116 1316 220 1386 etiam
236 1335 302 1401 que
319 1314 362 1384 ed
376 1332 503 1404 pacem,
520 1315 793 1400 tranquillitatem
810 1321 842 1382 et
857 1315 976 1382 bonum
988 1317 1112 1381 almum
1128 1312 1246 1383 utrius·

116 1445 182 1512 que
198 1426 307 1514 partis
334 1425 492 1509 lacerent,
519 1421 727 1510 supradictos
750 1421 950 1512 Episcopum
974 1421 1188 1492 cauriensem
1213 1429 1247 1490 et

114 1533 314 1622 msgiatrnm
330 1533 460 1600 Petrum
476 1533 520 1600 ab
535 1530 740 1618 impetitione
756 1541 813 1601 tua
829 1551 928 1620 super
943 1531 1058 1600 eodem
1074 1529 1245 1602 Ambilia-

115 1648 237 1713 conatu
255 1641 472 1731 supruniensi
497 1639 737 1711 sententialiter
760 1642 905 1712 absoluit
929 1647 963 1708 et
982 1640 1153 1710 absolutos
1170 1659 1245 1711 oasc

10 1771 11 1776 ¹
114 1752 278 1822 decrevit.
308 1751 507 1838 supradicta
522 1769 653 1836 qnoque
676 1751 874 1819 auctoritate
894 1755 1009 1818 nostra
1023 1765 1121 1835 anper
1136 1750 1244 1835 provi·

114 1863 211 1931 sione
227 1860 290 1928 tibi
305 1859 460 1929 iacienda
475 1861 517 1930 de
533 1858 697 1946 dignitate
722 1861 775 1928 uel
799 1865 979 1946 personatu
1005 1879 1079 1926 cnm
1095 1879 1175 1926 curu
1191 1859 1244 1926 sel

113 1965 186 2035 sine
201 1987 294 2055 cura,
311 1987 375 2052 qne
390 1969 445 2037 rel
460 1967 519 2052 qui
535 1967 569 2035 in
583 1969 751 2038 lauriensi
768 1968 921 2037 lloclesia
937 1975 1015 2036 tunc
1028 1967 1174 2036 vacabat
1188 1969 1242 2036 vel

112 2077 220 2160 primo
246 2081 401 2160 vacaret,
426 2095 468 2144 ac
492 2075 534 2144 de
558 2075 698 2161 capellis
723 2085 757 2144 et
781 2075 965 2146 redditibus
981 2075 1182 2162 capellarum
1198 2074 1241 2142 ad

112 2183 331 2251 collacionem
357 2183 461 2270 ipsius
488 2183 646 2270 Episcopi
671 2182 901 2270 pertinentium
927 2201 1030 2268 usquc
1055 2182 1098 2250 ad
1119 2189 1240 2252 certum

111 2309 257 2356 annuum
274 2291 421 2358 valorem
433 2293 608 2376 quamdam
619 2289 856 2360 ordinationem
873 2300 907 2360 te
922 2312 964 2362 ac
979 2290 1067 2358 dicto
1083 2290 1240 2376 magistro

2 2415 3 2420 ’
111 2397 210 2464 Petro
227 2397 436 2480 presentibus
461 2397 584 2482 edidit,
610 2397 804 2482 dignitatem
829 2418 887 2468 sen
913 2407 1121 2486 personatum
1137 2402 1171 2464 et
1187 2415 1239 2462 ca·

1 2539 2 2542 ¹
108 2502 223 2589 pellas
241 2503 428 2572 huiuamodi
443 2503 503 2572 tibi
520 2503 736 2574 conferendas
746 2507 936 2594 Apostolicc
946 2507 1120 2574 donaciani
1136 2523 1238 2572 rescr-

1 2693 2 2706 ,
106 2629 206 2695 vans,
224 2619 259 2680 et
274 2612 455 2681 decernens
481 2611 605 2681 irritum
632 2621 667 2681 et
690 2618 799 2702 inane,
821 2617 848 2684 si
866 2633 964 2684 accus
981 2615 1023 2682 de
1040 2613 1102 2681 biis
1120 2612 1238 2697 quavis

105 2719 309 2789 auctoritate
325 2721 500 2805 eontigerit
515 2723 714 2808 attemptari,
732 2729 827 2807 prout
836 2723 870 2790 in
880 2721 1014 2808 publico
1023 2723 1238 2789 instrumento

1 2865 2 2922 3
107 2828 263 2896 coniecto
278 2828 400 2898 exinde
427 2849 468 2896 ao
484 2829 595 2915 sigillo
610 2831 714 2916 ipsius
730 2829 889 2916 Episcopi
904 2830 1089 2900 Prenestini
1106 2831 1235 2916 aignmo

105 2935 242 3023 plonius
259 2933 454 3004 continetur.
472 2937 542 3004 Nos
559 2937 670 3023 itaque
686 2939 752 3005 tuis
768 2939 1066 3027 supplicationibus
1077 2937 1234 3016 inclinati,

104 3043 296 3128 huiusmodi
312 3044 561 3128 ordinationem,
578 3045 837 3114 reservationem
853 3055 886 3114 et
901 3047 1069 3114 decretum
1083 3066 1142 3133 per
1158 3065 1235 3114 eun·

104 3152 183 3218 dem
202 3151 401 3238 Episcopum
418 3151 518 3234 edita,
535 3153 569 3218 in
585 3151 648 3219 biis
663 3173 726 3236 que
742 3160 774 3220 te
785 3157 988 3239 contingunt,
1005 3161 1078 3221 rata
1095 3161 1128 3220 et
1142 3151 1236 3220 firma

105 3256 284 3342 babentes,
302 3278 344 3327 ea
359 3260 760 3345 auctoritateApostolica
776 3261 1004 3330 confirmamus
1021 3265 1054 3334 ct
1070 3260 1234 3348 presentis

105 3365 226 3453 scripti
241 3366 424 3452 patrocinio
436 3367 680 3445 communimus.
697 3371 857 3438 'l'enoreur
869 3377 978 3438 antem
994 3368 1099 3457 ipsius
1115 3369 1233 3436 iustru-

103 3475 207 3540 menti
223 3471 266 3539 de
281 3471 382 3542 verbo
398 3473 594 3542 adverbum
610 3476 818 3561 presentibus
835 3474 973 3546 lecimus
989 3474 1159 3545 annotari:
1177 3477 1233 3560 qui

103 3582 183 3650 talis
200 3587 262 3650 cst

212 3689 253 3758 In
268 3689 399 3758 nomine
416 3690 548 3758 Domini
573 3691 686 3759 Amen.
719 3691 802 3760 Orta
827 3692 950 3759 dudum
975 3693 1038 3759 stb.
1065 3688 1162 3777 (mint
1181 3691 1225 3758 fo-

101 3795 188 3864 uebb
205 3794 262 3863 45.
280 3815 327 3866 aa.
346 3793 394 3882 a)
1122 3803 1126 3809 '

212 3902 304 3970 Nulli
320 3923 398 3990 ergo
415 3911 476 3973 etc.
503 3909 614 3974 nostre
633 3901 887 3990 confirmationis
905 3913 966 3971 eto.
999 3905 1123 3972 Datum
1139 3904 1228 3990 apud

101 4011 226 4080 Urbem
253 4013 403 4081 Veterem
429 4012 505 4082 llll.
531 4033 635 4082 nonas
659 4013 820 4098 leonorii,
852 4010 1078 4098 (Pontificatus
1110 4009 1227 4098 nostri)

101 4139 190 4188 anno
207 4119 313 4187 tertio.

209 4293 270 4368 (lv.
285 4293 384 4356 Orbln
396 4293 474 4369 plpa
487 4275 685 4371 Regeatlibdb
701 4295 826 4353 Tbciner
839 4295 877 4352 id.
891 4313 927 4352 m.
940 4295 961 4351 1.
976 4295 1005 4354 k.
1020 4295 1082 4354 965.
1097 4294 1128 4367 Ι.)

564 4603 782 4614 m

806 4733 829 4770 5
867 4735 873 4746 .
