3230 5268
895 364 962 436 250

847 457 1004 466 m———n

369 570 599 632 nocumentum
618 563 797 632 bominibus
813 563 917 645 Regni
935 563 1103 649 ilungarie
1123 562 1236 630 inferri
1252 563 1398 650 pacietur
1412 563 1490 631 Rex

366 673 534 760 predictus
551 694 611 760 per
629 672 833 760 supradictos
849 672 1034 754 Henricum,
1061 673 1247 742 iohannem
1272 670 1371 739 lilium
1397 673 1487 740 eius·

367 783 452 866 dem,
463 783 632 850 Nicolaum
650 791 681 850 et
702 783 902 868 Stephanum
913 781 998 850 lilios
1008 783 1111 867 Pauli,
1128 787 1161 848 et
1176 780 1283 849 socios
1299 781 1489 854 eorundem,

363 897 397 959 et
411 890 608 958 adherentes
625 891 768 977 eisdem3
785 894 842 957 hoc
860 909 1020 977 expresse
1037 891 1214 974 declarato,
1234 892 1321 976 quud
1338 889 1366 958 si
1382 890 1486 958 iidem

362 998 516 1084 dampna,
534 999 669 1066 iniurias
687 1000 738 1065 vel
756 998 1011 1084 depredacicues
1026 999 1156 1082 aliquas
1169 997 1354 1068 hominihus
1373 997 1485 1085 Regni

363 1109 466 1176 nostri
490 1109 638 1191 quolibet
662 1110 811 1194 iugenio,
840 1108 952 1176 iraudc
977 1111 1032 1178 vel
1063 1110 1324 1178 machinamento
1357 1111 1482 1177 inferre

364 1217 630 1303 presumpserint,
656 1225 688 1282 et
712 1235 811 1302 super
836 1216 898 1283 hoc
922 1219 1005 1303 Regi
1028 1217 1186 1286 Bohemie
1210 1239 1269 1304 per
1289 1219 1484 1286 Hartlebunr

365 1323 594 1404 Camerarium,
612 1326 666 1408 qui
683 1324 858 1392 secuudum
875 1325 1010 1392 sormam
1037 1327 1290 1413 composicionis
1306 1328 1485 1412 impresen-

364 1433 486 1500 ciarum
503 1431 589 1497 lacte
604 1431 647 1498 ad
662 1430 923 1516 investigandum
940 1441 973 1500 et
989 1434 1218 1517 inquirendum
1238 1436 1401 1503 bonriuem
1426 1456 1480 1504 su·

362 1541 492 1622 um,cui
517 1559 614 1626 super
640 1541 805 1627 premissis
832 1541 919 1608 credi
947 1544 1063 1628 debet,
1091 1542 1313 1612 transmittere
1338 1549 1482 1630 tenetur,

363 1651 453 1718 lacta
468 1649 565 1717 suerit
581 1658 674 1718 certa
688 1649 780 1733 fides,
801 1655 920 1716 extunc
937 1651 1067 1718 eosdem
1094 1652 1242 1720 omuibus
1266 1652 1483 1738 possessioni·

362 1759 425 1826 bus
441 1757 475 1823 in
491 1775 694 1841 quacumque
707 1763 800 1841 parte
816 1757 921 1839 Regni
936 1760 985 1826 sui
1006 1759 1061 1826 vel
1086 1765 1240 1825 terrarum
1267 1779 1410 1844 suarum,
1436 1761 1481 1828 ab

360 1867 433 1952 ipsc
449 1865 578 1934 dominu
594 1867 684 1946 Rege
699 1865 831 1932 Boemie
856 1867 1022 1934 concessis
1049 1875 1081 1932 et
1106 1867 1203 1952 dalis,
1229 1869 1424 1954 spoliabitur
1448 1877 1483 1936 et

360 1975 549 2061 privabitur,
566 1976 652 2042 nullo
668 1993 817 2057 regressu
842 1976 997 2060 temporis
1023 1978 1067 2044 ud
1093 1981 1319 2062 possessiones
1344 1977 1480 2046 easdem

358 2089 537 2152 reservato.
554 2084 595 2149 Rt
611 2089 644 2148 ut
660 2103 815 2168 expresse
826 2091 994 2169 appareat,
1004 2086 1135 2152 eosdem
1153 2089 1334 2171 peripsum
1353 2087 1478 2172 Regem

360 2195 493 2261 Boemie
517 2193 551 2259 iu
575 2211 636 2258 sua
661 2192 793 2260 malicia
818 2213 880 2258 non
908 2193 1020 2278 foueri,
1036 2194 1126 2278 ipsos
1143 2195 1191 2260 sic
1206 2195 1353 2280 privatos
1370 2194 1479 2282 predi·

360 2301 421 2370 ctis
438 2300 703 2385 possessionibus
720 2303 910 2384 ubicumque
927 2303 969 2368 ab
986 2303 1101 2370 ecdem
1117 2305 1208 2389 Rege
1232 2303 1320 2370 datis
1346 2313 1381 2370 et
1405 2322 1480 2369 cou-

361 2410 474 2494 cessis,
490 2408 532 2476 de
547 2411 652 2495 Regni
668 2417 701 2478 et
717 2410 899 2478 Ducatuum
916 2433 1045 2481 suorum
1063 2421 1095 2479 et
1114 2421 1273 2480 terrarum
1291 2412 1354 2480 sibi
1379 2412 1480 2480 adhe·

359 2516 500 2584 rencium
517 2518 665 2603 partibus
682 2519 857 2586 excludere
873 2520 1045 2606 tenebitur,
1063 2529 1175 2607 utpote
1206 2520 1300 2608 pacis
1324 2540 1480 2588 neeessa-

357 2626 406 2693 rie
429 2627 624 2694 turbatores.
649 2626 867 2694 Promittimus
894 2629 998 2696 eciam
1025 2629 1201 2696 secuudum
1233 2629 1479 2698 ordinacionem

358 2734 576 2822 predictorum
593 2737 767 2819 Beronum,
785 2737 873 2820 quud
888 2759 953 2804 nou
970 2735 1165 2823 recipiemus
1191 2738 1224 2804 iu
1249 2738 1395 2823 graciam
1422 2756 1478 2804 nc·

357 2850 458 2910 stram
473 2843 658 2927 Henricum,
675 2844 866 2928 Jchanuem,
890 2846 1105 2930 Stephanum,
1131 2843 1307 2914 Nicolaum
1333 2855 1366 2912 et
1391 2844 1478 2914 Lau·

356 2951 498 3021 cencium
523 2951 624 3019 filium
651 2953 756 3036 Petri,
784 2973 823 3020 ac
849 2955 1025 3040 complices
1050 2957 1239 3022 eurumdem
1267 2953 1478 3039 supradictos

357 3079 428 3129 cum
439 3061 555 3128 castris
566 3067 597 3127 et
609 3059 841 3130 municionibus
852 3063 893 3129 ab
905 3063 1018 3130 eodem
1028 3062 1117 3145 Rege
1127 3063 1261 3130 Boemie
1271 3064 1396 3131 eisdem
1411 3069 1477 3130 tra-

356 3169 433 3236 ditis
462 3177 495 3235 et
519 3170 683 3238 concessis
710 3171 743 3236 iu
767 3173 879 3256 Regno
905 3179 938 3238 et
962 3173 1056 3238 terris
1080 3173 1158 3252 suis,
1175 3172 1226 3238 vel
1244 3173 1276 3238 iu
1293 3177 1476 3258 posterrum

357 3277 584 3347 concedendis.
610 3278 699 3345 Sane
726 3278 801 3363 quia
833 3301 892 3365 per
916 3279 1063 3348 infideles
1089 3290 1122 3347 et
1145 3280 1335 3361 transfugas
1360 3280 1424 3347 buc
1439 3279 1476 3346 il-

356 3385 408 3452 luc
423 3386 506 3453 inter
522 3387 634 3454 mundi
648 3388 815 3474 Principes
832 3389 1047 3456 discurrentes
1064 3389 1219 3457 seminari
1243 3389 1351 3458 solent
1375 3388 1476 3475 pesti·

354 3492 425 3560 iere
440 3493 532 3579 pacis
549 3497 720 3563 turbaneia
737 3495 918 3579 puritatem,
935 3517 996 3580 que
1023 3496 1182 3564 interdum
1208 3499 1290 3583 ipsis
1315 3495 1474 3584 Principi-

355 3600 416 3666 bus
432 3621 496 3668 uon
512 3605 580 3668 tam
596 3605 786 3688 temporalis
803 3606 1050 3688 tranquillitatis
1067 3606 1279 3690 commodum,
1296 3625 1395 3690 quarn
1407 3606 1473 3673 uite

354 3708 463 3776 tuturo
477 3707 626 3776 subsidia
640 3731 699 3796 per
713 3731 905 3797 guerrarum
921 3712 1112 3780 discrimina
1127 3712 1277 3782 adimunt
1293 3719 1471 3798 oportuna:

353 3816 570 3900 promittimus
587 3818 681 3887 iuxta
696 3820 936 3888 ordinacionem
961 3821 1144 3908 predictam
1158 3842 1223 3888 uon
1238 3827 1410 3909 receptare
1425 3821 1471 3888 iu·

352 3921 466 3990 lidclca
482 3943 523 3988 ex
538 3931 631 4009 parte
646 3927 752 4012 ipsius
771 3927 872 4012 Regis
898 3930 1033 3996 Boemie
1057 3929 1102 3996 ad
1125 3950 1190 3997 non
1216 3929 1472 4016 nansfugentcc,

353 4049 412 4098 uec
437 4030 486 4098 eis
510 4031 692 4100 subsidium
717 4037 772 4102 vel
798 4037 1036 4120 benignitatem
1061 4039 1206 4122 aliquam
1230 4039 1470 4126 impertiemur;

352 4137 412 4207 ssd
426 4138 515 4222 ipsos
531 4141 645 4225 pocius
660 4149 826 4228 tamquam
843 4147 930 4213 male
946 4148 1078 4215 meritos
1095 4148 1316 4234 excludemus,
1334 4169 1394 4215 nec
1412 4167 1472 4236 per

349 4251 476 4314 nostros
492 4248 614 4316 amicos
630 4252 682 4318 vel
698 4250 845 4319 subditos
861 4254 1024 4339 receptari
1050 4255 1102 4322 rel
1130 4255 1235 4322 foveri
1258 4257 1469 4341 aliquetenus

351 4353 526 4437 paciemur.
552 4357 651 4426 Porro
677 4360 752 4443 quia
777 4362 947 4450 multiplex
974 4369 1129 4447 tanquam
1153 4365 1389 4448 sanguinitatis
1414 4363 1469 4434 uel

349 4460 520 4533 affinitatis
544 4465 679 4537 affecoio
703 4468 746 4536 ad
770 4471 998 4538 correlatiuum
1023 4491 1168 4540 amorem
1194 4459 1255 4542 nos
1278 4481 1416 4562 possunt
1436 4477 1470 4542 et

349 4569 470 4637 debent
485 4580 594 4642 mutuo
610 4576 756 4664 incitare,
774 4599 833 4665 pro
849 4579 1081 4650 observacione
1099 4579 1193 4668 pacis
1209 4601 1295 4650 nunc
1318 4582 1419 4666 fecte,
1435 4589 1469 4652 et

348 4673 564 4763 inposterum
579 4684 732 4752 durature
756 4689 971 4773 promittimus
988 4697 1020 4758 ct
1035 4689 1242 4778 assumimus,
1257 4699 1293 4762 ut
1309 4692 1339 4764 si
1354 4691 1467 4778 dique
