3230 5268
966 237 981 272 Ι

863 353 1032 512 trr-

389 603 479 696 (igy)
495 608 541 676 ad
556 608 696 694 primam
712 615 833 676 metam
849 609 988 676 tenendo
1013 609 1109 678 binas
1135 615 1239 679 metas
1264 609 1357 677 iaxta
1381 616 1506 678 terram

389 717 581 786 monasterii
595 717 710 785 Saueti
725 717 868 801 Martini,
893 725 925 784 et
946 715 995 783 sio
1011 737 1124 787 aursus
1140 725 1300 786 metamm
1315 715 1402 786 diota
1417 724 1512 786 terre

387 825 589 893 terminatur.
616 826 654 892 In
670 823 765 894 ouius
779 825 825 892 rei
852 825 1041 894 memoriam
1057 833 1229 912 presentes
1247 827 1375 896 litteras
1390 825 1436 893 ad
1451 844 1512 912 pe·

387 930 540 1000 titionem
565 933 713 1018 paroium
738 931 958 1001 concessimus
983 933 1083 1019 sigilli
1104 934 1206 1002 nostri
1223 934 1399 1002 munimine
1413 933 1513 1000 robo-

388 1043 489 1120 ratas,
506 1059 592 1106 anno
609 1039 740 1106 Domini
755 1038 805 1106 Μ0
821 1037 892 1108 00⁰
912 1037 1041 1122 dxxi,
1058 1039 1212 1127 chepano
1238 1041 1421 1128 Proposito,
1445 1041 1510 1106 lle·

390 1153 481 1216 otore
497 1147 638 1216 (lantone
653 1155 686 1216 et
701 1147 831 1216 blioons
846 1147 989 1217 Custode
1005 1149 1230 1216 existentibus.

556 1341 704 1415 (Eaedetie
717 1357 735 1399 a
748 1361 789 1400 ss.
801 1341 925 1402 martoni
937 1341 1093 1417 sdapttsdg
1106 1343 1335 1417 levdlttrdban.)

905 2177 982 2244 10³·

387 2371 418 2437 A
436 2375 606 2460 oesaprtmi
620 2373 776 2462 bdptoluu
791 2373 1064 2462 bizooyrdqlaoele,
1080 2373 1158 2461 boqy
1167 2373 1273 2439 Foous
1282 2376 1416 2460 prdpost
1429 2396 1514 2440 oest-

386 2481 489 2571 prtma'
504 2479 640 2547 birtokdt
656 2481 777 2566 nuos,
794 2481 858 2547 Pet
866 2483 968 2568 filtro,
986 2481 1075 2571 Ajlru
1090 2480 1318 2569 uemzmsdqbdl,
1338 2481 1516 2546 emnem

897 2593 995 2658 1271.

497 2785 683 2872 (iapitulum
708 2787 858 2856 Euolesie
884 2787 1139 2876 vesprimiensis
1163 2789 1313 2856 omnibus
1336 2790 1510 2872 presentes

389 2895 587 2983 inspueturis
602 2897 743 2965 salutem
759 2896 793 2962 in
808 2896 948 2966 Domino
963 2898 1204 2984 sempiternam.
1220 2897 1273 2964 Ad
1288 2897 1514 2966 uniuersorum

390 3003 547 3074 notioiam
563 3012 676 3074 tenore
693 3003 897 3092 presentium
911 3007 1062 3074 volumus
1082 3007 1268 3092 peruenire,
1285 3004 1373 3091 quod
1389 3005 1440 3071 vir
1456 3023 1516 3070 no·

390 3111 466 3182 bilis
483 3119 515 3182 et
530 3113 691 3184 duorotm
705 3115 865 3202 ¹magister
880 3115 991 3182 Fsuus
1006 3113 1199 3202 Propositus
1225 3121 1337 3182 noster.
1361 3119 1454 3182 stans
1481 3111 1515 3178 in

388 3219 494 3292 medio
510 3223 613 3290 nostri
627 3223 737 3292 retulit
751 3230 783 3290 et
799 3223 951 3310 exposuit
967 3223 1043 3292 sius
1058 3242 1147 3309 uooe,
1164 3221 1253 3308 quod
1269 3242 1342 3291 eum
1358 3223 1389 3291 ei
1411 3221 1519 3308 Elyas

387 3329 471 3398 lilius
487 3331 583 3399 Pauli
598 3331 640 3400 de
654 3350 774 3416 genere
789 3331 898 3420 Ayka,
915 3333 1179 3418 oonsangoineus
1203 3349 1282 3400 suus
1315 3328 1521 3416 perdilectus

389 3438 432 3506 ab
449 3438 591 3508 inianeie
607 3458 666 3508 sue
681 3437 793 3527 primis
810 3439 1010 3526 temporibus
1026 3440 1216 3527 incipiendo
1236 3439 1431 3507 seruiuisset
1452 3437 1519 3505 de-

388 3551 475 3630 uote,
490 3543 629 3616 fideliter
645 3553 678 3616 et
693 3547 869 3630 indefesse,
888 3547 1059 3634 eidemque
1075 3549 1223 3618 seruitiis
1239 3546 1340 3632 digna
1364 3551 1396 3612 et
1418 3545 1515 3614 meri·

388 3653 473 3722 toria
497 3657 664 3726 soluoione
690 3677 731 3725 ao
756 3655 873 3726 debitis
899 3657 1073 3744 stipendijs
1101 3659 1231 3724 minime
1273 3651 1517 3740 respondisset;

387 3761 464 3846 quia
478 3763 566 3849 pium
582 3771 662 3850 erat,
679 3783 719 3832 aa
735 3783 817 3849 opus
844 3762 1007 3832 suadebat
1023 3764 1171 3834 ueritatis
1191 3771 1224 3830 et
1239 3762 1388 3849 justitie,
1398 3768 1433 3829 ut
1446 3761 1519 3828 eius

388 3871 529 3940 seruieia
544 3873 669 3960 absque
684 3873 951 3940 remuneracione
967 3893 1112 3958 oongrua
1127 3880 1160 3940 et
1184 3873 1335 3958 plenaria
1357 3891 1422 3938 non
1460 3869 1518 3937 de·

386 3979 510 4046 bebant
525 3981 711 4064 aliqualiter
726 3983 891 4066 preteriri;
912 3981 984 4048 ideo
1001 3981 1150 4050 dominus
1175 3981 1364 4064 Prepesitus
1398 3997 1519 4046 memo·

388 4093 479 4154 ratus
505 4089 640 4156 fundum
665 4090 752 4156 eurio
777 4110 836 4158 sue
861 4088 1055 4156 existentem
1080 4089 1172 4154 iuxta
1199 4086 1323 4156 euriam
1366 4083 1520 4170 magistri

381 4195 478 4265 Pauli
502 4195 653 4265 (lantonis
679 4198 780 4264 nostri
807 4218 828 4265 a
872 4203 968 4284 parte
997 4194 1206 4266 meridionali
1231 4215 1305 4264 eum
1322 4193 1467 4278 edifioijs
1484 4199 1518 4260 et

383 4304 461 4390 alijs
477 4304 672 4374 utilitatibus
682 4308 750 4376 suis
768 4307 914 4392 totalem,
933 4311 966 4372 et
998 4305 1142 4372 sonetum
1167 4303 1364 4388 quantitatis
1380 4303 1517 4370 duorum

383 4414 567 4498 iugerorum
593 4417 646 4483 vel
671 4417 775 4502 paulo
806 4415 949 4503 plurium
973 4421 1031 4482 aut
1057 4433 1236 4502 pauoorum
1267 4415 1365 4482 situm
1390 4418 1517 4497 aparte

383 4522 545 4608 aquilonis
569 4525 662 4592 iuxta
686 4523 831 4594 ienetum
860 4525 903 4591 Pr
911 4524 1083 4612 epositore
1110 4523 1260 4590 lloelesie
1285 4527 1398 4590 nostre
1424 4518 1516 4586 saluo

382 4647 439 4696 ure
455 4630 609 4717 eiusdem,
626 4630 711 4716 quod
728 4653 786 4716 per
802 4633 922 4718 magist
938 4651 1009 4698 rum
1037 4632 1150 4716 Rogas
1175 4629 1366 4714 custodem,
1394 4633 1427 4694 et
1453 4625 1510 4694 Oo-

385 4736 495 4807 mitem
512 4739 686 4826 Gbagbam
702 4739 876 4806 officialem
896 4746 1037 4823 nostros,
1052 4739 1206 4806 videlieet
1224 4738 1284 4806 sub
1310 4735 1455 4820 antiquis
1471 4733 1511 4816 si7
