3230 5268
139 1103 200 1192 IV.
216 1106 366 1172 Koloussa
384 1107 477 1194 pdps
501 1104 662 1188 rendam,
686 1103 766 1192 bspp
791 1125 813 1168 a
835 1104 945 1172 Jsolra
968 1103 1083 1172 orellatt
1101 1103 1206 1191 fokod
1217 1129 1263 1175 u.

138 1214 261 1280 Koma
276 1216 308 1279 do
323 1213 466 1280 Domim
480 1213 581 1277 eaimll
595 1210 836 1278 beneeoloolostor
851 1235 872 1276 a
887 1211 1035 1302 topls'oaos'
1061 1214 1263 1304 apdtodpnok

502 1318 558 1386 als
571 1319 898 1406 roueltooskglsos.

129 1605 135 1623 ,
252 1517 404 1587 Olemens
419 1519 602 1606 Episcopus
623 1526 684 1586 eto.
708 1517 891 1586 venerabili
905 1517 1019 1586 fratri.
1037 1567 1045 1585 .
1062 1518 1256 1609 .Arobiepis

138 1648 221 1714 eopo
237 1627 259 1696 J
266 1627 397 1695 adrensi
413 1627 553 1694 salutem
571 1633 632 1693 eto.
649 1623 700 1692 lllx
715 1632 827 1694 tenore
844 1625 1035 1710 litterarum,
1052 1645 1135 1710 quas
1151 1626 1263 1696 dileoti
1394 1621 1398 1626 ’

139 1733 197 1802 filii
215 1785 223 1800 .
244 1784 251 1799 .
269 1786 276 1800 .
294 1735 407 1802 Abbas
424 1743 456 1802 et
481 1735 632 1806 llonaohi
660 1733 852 1802 llonasterii
879 1734 1071 1804 Sanotorum
1097 1735 1214 1804 Oosme
1231 1745 1263 1806 et

136 1845 294 1912 Damiani
311 1844 353 1946 de
367 1845 477 1912 Monte
496 1843 661 1926 Jadrensi,
679 1841 812 1911 Ordinis
828 1843 941 1910 Sancti
957 1843 1140 1927 Benedicti,
1167 1845 1262 1912 nobis

137 1952 307 2020 destinare
324 1957 487 2037 ourarunt,
506 1951 705 2038 aooepimus,
721 1950 808 2034 quod
823 1951 1058 2019 blonosterium
1073 1953 1180 2040 ipsum
1202 1973 1262 2040 por

143 2061 306 2128 incuriam
324 2065 356 2128 et
372 2049 531 2128 malitiam
547 2059 734 2144 degentium
750 2060 784 2126 iu
801 2057 916 2128 eodem
935 2059 1018 2129 adeo
1036 2061 1069 2127 in
1085 2061 1260 2150 spirituali-

138 2171 198 2236 bus
216 2156 500 2257 ol'temporalibus
517 2175 569 2258 est
586 2170 781 2255 collapsum,
799 2174 834 2235 ut
849 2168 941 2236 nulla
956 2187 1032 2256 spes
1053 2169 1182 2258 penitus
1202 2171 1258 2237 ba-

136 2281 262 2366 boatur,
279 2280 365 2363 quod
383 2276 424 2346 do
440 2299 498 2345 suo
515 2279 621 2365 possit
636 2277 751 2346 ordine
768 2276 948 2345 reformari.
974 2277 1083 2356 Quare
1092 2276 1256 2347 humiliter

136 2407 194 2474 per
220 2373 361 2456 easdem
378 2385 506 2456 litteras
523 2385 735 2474 postulabant
750 2405 772 2451 a
787 2385 894 2472 uobis,
910 2392 946 2454 ut
960 2387 1194 2456 Monosterium
1211 2388 1259 2476 ip·

135 2515 205 2562 sum
225 2513 295 2561 oum
312 2497 381 2564 suis
397 2495 551 2564 membris
567 2495 609 2562 do
631 2493 842 2565 cistersiensi
866 2491 1037 2564 reformari
1063 2491 1187 2563 Ordine
1211 2497 1259 2566 ia·

136 2615 296 2672 oeremus.
312 2603 382 2671 Nos
400 2603 512 2688 itaque
528 2601 568 2672 de
593 2610 650 2671 tua
675 2603 966 2689 oiroumspootione
991 2599 1115 2686 oonllsi,
1140 2601 1255 2670 irater-

136 2711 233 2778 nitati
249 2717 303 2778 tue
318 2731 377 2799 per
392 2711 585 2798 Apostolioa
601 2711 726 2798 seripta
742 2709 946 2796 mandamus,
963 2717 1126 2794 quotenus
1135 2761 1144 2797 ,
1159 2713 1188 2780 si
1206 2720 1258 2781 est

137 2821 197 2906 ita,
213 2840 286 2886 eum
302 2819 345 2888 ab
361 2818 485 2888 eisdem
502 2819 633 2887 Abbate
650 2823 683 2888 et
708 2815 878 2886 Mouaohis
904 2835 1004 2906 super
1019 2815 1080 2885 boo
1096 2818 1195 2888 fueris
1210 2839 1259 2889 re·

135 2929 286 3022 quisitns,
303 2927 425 2996 dietum
441 2927 673 2996 llouasterlum
690 2945 763 2994 oum
778 2925 933 2994 membris
949 2923 1084 3011 eisdem,
1100 2925 1129 2995 si
1155 2927 1253 3014 Oapi-

134 3035 194 3105 tuli
211 3037 258 3104 tui
274 3035 317 3104 ad
331 3035 392 3104 hoo
408 3037 545 3105 aooedat
561 3055 729 3120 assensus,
747 3035 789 3103 de
804 3035 953 3121 prediolo
973 3033 1184 3102 Oisteroieusi
1206 3055 1257 3103 or·

134 3145 211 3213 diue
227 3144 424 3214 auctoritate
438 3153 551 3214 nostra
567 3145 758 3227 reformans,
778 3144 857 3211 illud
883 3143 1081 3212 llonasterlo
1106 3141 1148 3211 de
1173 3142 1256 3232 Top-

133 3255 200 3323 liua
216 3252 360 3322 eiusdem
386 3253 611 3322 (listeroiensis
629 3251 764 3321 Ordinis
791 3251 1024 3338 Zagrabieusis
1049 3251 1210 3337 Diooesis,
1225 3255 1255 3322 si

7 3359 8 3362 ’
134 3361 256 3431 videris
272 3361 438 3449 expedire,
456 3361 642 3430 submittas.
653 3361 918 3444 contradictores
928 3367 988 3427 eto.
999 3359 1073 3428 Non
1086 3346 1252 3444 obstante,

134 3472 162 3540 si
178 3468 346 3555 aliquibus
362 3491 383 3536 a
399 3469 485 3538 Sede
501 3470 694 3557 Apostolioa
719 3469 763 3536 sit
787 3467 961 3554 indultum,
988 3465 1075 3553 quod
1099 3465 1255 3553 suspendi
1387 3469 1394 3486 “

133 3581 186 3648 vel
203 3577 354 3647 interdici
377 3585 435 3647 aut
451 3578 725 3647 exeommunioari
742 3599 806 3644 uon
822 3577 953 3662 possint
978 3595 1037 3663 per
1061 3573 1189 3644 litteras
1206 3575 1254 3642 di·

7 3721 8 3730 2
135 3696 186 3756 ote
202 3683 299 3755 Sedis
314 3685 473 3754 laniantes
497 3687 629 3775 plenam
656 3693 688 3754 et
713 3703 901 3772 expressam
927 3682 969 3752 de
995 3683 1121 3752 indulto
1145 3679 1254 3751 huius-

134 3797 220 3865 motli
236 3797 442 3865 mentionem.
459 3795 580 3868 Datum
600 3795 738 3865 viterbii
765 3793 877 3864 Idibus
902 3791 1003 3864 lunii.
1028 3791 1254 3878 (Pontificatus

133 3905 250 3996 nostri)
267 3925 353 3975 enno
369 3905 445 3975 1111.

216 4099 282 4178 (ιν.
295 4101 434 4162 susum
445 4101 523 4175 pop·
535 4099 730 4175 nagerensi,
744 4101 871 4160 ummo
883 4100 920 4158 ss.
934 4115 971 4156 u.
983 4099 1006 4155 1.
1019 4097 1048 4155 u.
1061 4099 1123 4156 noo.
1137 4093 1169 4170 ι.)
1275 4137 1277 4142 .
