3230 5268
677 1000 752 1072 156·

158 1199 356 1286 Kuaepuuria
373 1199 441 1266 oreb
456 1200 603 1286 kirelpos
616 1198 877 1287 oappbsitpjdbos,
900 1199 934 1266 V.
950 1203 1063 1268 lasese
1080 1222 1214 1288 mappas·
1227 1202 1275 1266 Iri-

159 1307 297 1396 rtlploz,
314 1330 335 1372 a
352 1307 501 1396 etrespok
516 1309 585 1373 lebet
601 1317 746 1374 teroezett
761 1306 939 1374 satellem
965 1309 1150 1397 tdrpydbnn.
1177 1309 1274 1375 1271.

262 1507 421 1574 Exultare
438 1511 472 1570 et
486 1504 606 1574 laetari
623 1505 767 1574 earnalis
790 1506 867 1574 unio
892 1506 1042 1575 caritatis
1068 1508 1204 1576 alterius
1229 1507 1276 1576 ad

157 1615 292 1681 alterurn
309 1621 419 1682 mutuo
435 1633 496 1682 uos
512 1613 634 1682 excitet
649 1621 682 1680 et
697 1613 814 1682 invitet
832 1615 866 1682 in
893 1615 1020 1682 eunetis
1048 1616 1217 1704 prosperis
1241 1621 1276 1684 et

155 1722 305 1805 gratuitis
323 1719 407 1810 (lgy)
423 1721 633 1790 suooessibus
649 1721 754 1789 nostri
769 1723 892 1809 pariter
907 1729 940 1789 et
953 1728 1137 1790 nostrorum
1147 1743 1274 1812 promp

158 1828 231 1907 tius,
260 1831 348 1916 quod
369 1851 442 1899 oum
458 1829 622 1898 desiderio
639 1828 747 1898 sordis
764 1837 796 1895 et
811 1829 912 1896 animi
929 1831 1045 1899 audire
1069 1850 1198 1919 sempor
1212 1852 1274 1902 uos

155 1938 299 2006 delectat
314 1941 431 2008 bonum
448 1943 568 2006 statum
584 1943 726 2006 vestrum
744 1943 776 2006 et
791 1939 930 2006 salutem
945 1940 1091 2025 eorporis
1116 1941 1219 2010 vestri
1234 1962 1276 2012 ao

155 2051 285 2115 restrae
302 2051 421 2132 uxoris,
437 2053 571 2114 nostrae
585 2045 708 2116 sororis
724 2045 926 2133 serissimse,
950 2063 1123 2135 puerorum
1147 2067 1277 2133 quoque

154 2160 352 2240 vestrorum3
381 2157 457 2241 quia
480 2153 562 2224 baso
586 2161 620 2221 et
645 2156 714 2222 alis
738 2173 959 2240 quaeeunque
973 2155 1097 2240 gaudia
1112 2164 1226 2226 vestre
1241 2164 1276 2226 et

154 2265 275 2331 solatis
290 2265 434 2352 propria,
451 2263 533 2331 siout
549 2262 690 2349 expetiit,
705 2282 765 2349 per
789 2262 898 2330 omnia
920 2268 1126 2350 reputamus3
1151 2287 1276 2336 summe

153 2371 325 2440 difidentes
342 2369 438 2459 (lgy),
454 2373 612 2456 quinimo
628 2377 799 2460 sperantes
823 2369 956 2440 firmiter
970 2373 1044 2442 rios
1058 2394 1166 2462 versa,
1190 2374 1276 2444 haee

155 2482 273 2549 eadem
288 2485 403 2550 nostra
419 2500 494 2549 esso
510 2479 659 2550 similiter
678 2478 773 2548 robis
801 2479 902 2548 oerdi.
927 2480 1019 2559 Quae
1044 2481 1276 2552 annuusiands

156 2587 250 2658 robis
265 2587 415 2656 duximus
430 2590 465 2654 iu
480 2589 660 2675 praesenti,
676 2589 757 2673 quia
769 2587 926 2656 videlieet
944 2594 978 2656 et
991 2609 1052 2658 nos
1067 2610 1140 2659 oum
1156 2590 1275 2662 dileoto

157 2697 287 2766 domino
303 2707 336 2766 et
351 2697 470 2765 marito
486 2702 600 2766 nostro
615 2717 656 2765 ao
670 2695 792 2765 nostris
807 2695 939 2764 filiabus
965 2697 1145 2766 senissimis
1169 2698 1205 2764 in
1225 2695 1276 2782 jo·

159 2805 324 2874 eunditnte
341 2811 375 2872 et
389 2806 517 2874 laetitia
532 2803 672 2875 vivendo
690 2803 869 2873 salubriter
884 2821 942 2889 per
958 2803 1021 2872 Dei
1035 2805 1276 2890 providentiam

157 2915 189 2981 in
209 2914 358 2984 omuibus
383 2933 620 3002 prosperemur.
646 2912 765 2982 Verum
791 2913 870 2996 qnia
894 2911 1073 2998 seripsistis
1097 2913 1276 2996 aliquando

159 3023 278 3090 dilecto
294 3020 423 3090 domiuo
439 3029 551 3092 nostro
570 3031 603 3091 et
619 3024 749 3108 marito,
773 3039 872 3110 super
895 3021 1047 3090 babendo
1070 3039 1181 3090 seeum
1204 3039 1275 3106 per·

157 3129 316 3199 sonaliter
330 3129 504 3216 oolloquio,
520 3128 564 3198 ad
580 3129 822 3213 eonferendum,
843 3147 928 3214 quse
943 3133 1054 3196 mutuo
1069 3148 1130 3196 vos
1154 3129 1275 3198 eontin-

157 3245 271 3325 gerent
286 3240 472 3308 elterutrum
489 3240 594 3308 ardua
609 3241 752 3326 negotia,
768 3240 822 3308 rol
848 3239 965 3308 saltem
989 3245 1026 3304 ut
1053 3237 1135 3307 baso
1160 3237 1276 3306 eadem

159 3351 434 3435 pertractarentur
449 3366 508 3431 per
523 3365 599 3416 suos
615 3353 649 3414 et
663 3352 793 3416 uestros
813 3345 928 3413 fideles
952 3348 1099 3414 Berones
1123 3345 1277 3412 missosa

158 3456 262 3526 intere
276 3455 380 3524 vestri
394 3455 472 3525 bino
488 3464 521 3523 et
535 3456 622 3543 iude,
639 3455 667 3523 si
692 3455 865 3524 ooureuire
881 3455 1030 3539 oooupati
1046 3454 1183 3524 forsitan
1199 3472 1272 3538 per·

159 3562 316 3632 sonaliter
331 3583 397 3631 nou
412 3565 566 3649 possetis,
583 3564 693 3632 multis
709 3561 821 3634 arduis
838 3563 1046 3630 obstantibus
1063 3559 1275 3647 impedimen·

159 3671 211 3758 tis,
237 3690 311 3740 oum
335 3673 510 3742 eonsenire
525 3673 680 3742 haetenus
698 3671 908 3756 nequiveritis
932 3668 976 3736 nd
999 3669 1138 3740 iuuioem
1162 3685 1274 3754 perso-

160 3779 289 3866 naliter,
306 3786 418 3868 restst,
446 3782 530 3850 siout
554 3781 733 3867 scripsistis
757 3779 820 3848 sibi
845 3777 1036 3864 aliquando,
1062 3777 1091 3843 si
1115 3775 1274 3863 plaoitum

162 3887 268 3956 adhue
283 3888 377 3958 robis
394 3889 502 3976 luerit,
519 3896 555 3956 ut
570 3888 683 3958 fideles
699 3888 801 3956 nostri
818 3893 851 3954 et
861 3886 961 3956 vestri
971 3886 1276 3968 conveniantqusn-

162 3997 202 4065 do
218 3996 397 4082 volueritis,
414 4004 447 4064 et
463 4003 665 4084 pertraeteut
680 3998 752 4066 looo
762 3997 861 4066 uestri
871 3993 1001 4082 singula
1011 3989 1277 4081 questraotunda

163 4103 340 4174 habueritis
356 4106 444 4176 laets
459 4112 579 4176 vestre.

545 4301 683 4375 (Palselry
706 4318 733 4357 u.
749 4318 776 4360 o.
788 4301 851 4359 286.
864 4298 896 4373 l.)

591 4585 844 4602 —..-...——--=-=-q
