3250 5268
845 333 1001 439 Q-

358 530 460 598 henso
473 531 504 596 in
517 540 630 597 nostre
641 529 863 598 universitatis
876 529 1048 615 presencia
1061 531 1241 614 constituti,
1255 541 1376 598 terram
1385 531 1494 598 unius

359 639 462 705 aratri
478 637 520 702 de
546 649 635 706 terra
660 640 779 724 Hebay
805 639 848 706 ad
875 640 939 706 tria
964 647 1078 706 aratra
1104 639 1279 706 sufficienti
1305 641 1494 706 retulerunt

359 747 550 832 permisisse
574 748 801 830 relinquentes
818 748 1019 816 clementino
1044 749 1078 814 in
1101 749 1348 834 presenciarum
1372 750 1492 835 posito

359 853 425 921 tilio
443 853 530 922 blixe
547 854 589 922 de
605 854 727 942 Hubay
745 855 837 922 iuxta
853 855 1102 922 contencionem
1119 859 1151 922 in
1169 854 1278 924 duello
1297 877 1411 924 coram
1428 877 1492 922 no·

359 963 482 1028 minato
495 963 646 1030 Palatino
665 961 812 1029 habitam
828 971 902 1047 post
919 964 1174 1048 produceionem
1192 967 1323 1031 testium
1339 983 1490 1048 suorum,

361 1078 458 1155 prout
474 1070 507 1136 in
523 1070 647 1137 eisdem
664 1070 782 1137 litteris
799 1072 1029 1138 continebatur
1046 1071 1227 1154 evidenter,
1238 1073 1270 1137 in
1288 1079 1491 1158 perpetuum

360 1178 496 1266 pacifice
513 1187 546 1246 et
562 1179 669 1262 quiete
681 1180 930 1264 possidendam.
948 1180 1066 1247 Partes
1083 1179 1194 1262 itaque
1205 1180 1366 1264 premisse
1382 1198 1490 1247 unum

361 1309 401 1355 ex
417 1289 513 1356 nobis
531 1309 589 1372 pre
606 1289 793 1355 testimonio
818 1296 1043 1356 assumserunt
1060 1288 1105 1355 ad
1121 1289 1228 1375 ipsam
1248 1294 1369 1354 terram
1385 1291 1490 1357 unius

346 1397 463 1463 aratri
488 1391 693 1463 Clementino
719 1397 848 1480 prefato
865 1397 1053 1464 devolutam
1081 1399 1177 1466 metis
1201 1399 1300 1468 certis
1326 1397 1490 1465 abdican-

362 1505 450 1574 dam.
465 1505 589 1584 Quibus
606 1505 820 1573 redeuntibus
838 1507 993 1592 cumipse
1010 1527 1074 1576 uno
1092 1527 1132 1573 ex
1149 1507 1245 1574 nobis
1262 1527 1321 1592 pro
1338 1509 1490 1576 testimo·

360 1615 416 1682 nio
433 1613 598 1683 destinato
624 1615 836 1682 situacionenr
865 1621 1025 1683 metarum
1049 1617 1133 1701 ipsis
1151 1615 1345 1683 docentibus
1370 1615 1491 1682 didici·

281 1803 287 1811 .
361 1743 433 1790 nuos
449 1725 483 1791 in
499 1723 585 1790 bunc
610 1723 762 1793 modum:
787 1724 885 1803 Quod
901 1725 1006 1810 prima
1025 1735 1114 1792 meta
1139 1723 1254 1818 incipit
1276 1728 1319 1794 de
1347 1745 1489 1794 comme·

362 1835 522 1902 taneitale
541 1833 678 1920 predicti
704 1831 868 1921 Hlenrioi)
894 1835 1038 1901 Palatini
1057 1835 1150 1902 iuxta
1169 1835 1301 1904 fluvium
1327 1835 1440 1922 Repce
1466 1856 1491 1902 a

362 1942 518 2024 meridia*
544 1943 599 2010 ubi
616 1943 651 2010 in
668 1944 777 2012 medio
794 1943 935 2010 duarum
951 1944 1062 2011 ilicum
1079 1951 1130 2011 est
1151 1951 1241 2011 meta
1256 1950 1383 2028 terrea;
1408 1945 1490 2010 inde

361 2050 567 2139 progreditur
583 2071 697 2119 versus
707 2053 985 2140 septemtrionem,
1002 2063 1035 2119 ct
1050 2051 1255 2137 pervenitad
1271 2073 1367 2119 unam
1379 2054 1491 2137 pirum

361 2168 450 2229 meta
465 2161 684 2244 cumulatam
708 2159 784 2228 inde
809 2159 902 2228 vadit
919 2161 961 2227 ad
979 2162 1065 2226 viam
1084 2161 1311 2246 graminosam
1336 2156 1422 2245 (fttes
1440 2165 1489 2242 ut,

358 2269 507 2353 jelenleg
523 2269 551 2336 is
568 2287 709 2353 megvan
728 2267 856 2334 emltlre
867 2319 877 2354 ,
905 2269 946 2336 de
963 2289 984 2334 a
1003 2271 1191 2354 tageszttly
1209 2270 1289 2338 teter
1314 2277 1490 2354 megszttn·

361 2371 466 2460 lette),
484 2395 548 2460 que
564 2385 616 2443 est
633 2377 666 2442 in
679 2375 784 2443 medio
802 2375 956 2460 nemoris,
974 2376 1029 2442 ubi
1045 2385 1096 2444 eat
1113 2383 1202 2443 meta
1218 2384 1348 2458 terrea;
1366 2374 1493 2442 abinde

361 2483 564 2572 protenditur
581 2484 665 2550 ultra
681 2483 842 2566 quosdam
858 2483 974 2550 fluvios
983 2482 1156 2566 feteteeror
1172 2493 1309 2552 vocatos
1326 2485 1371 2552 ad
1387 2503 1493 2550 unum

361 2599 509 2682 pratum,
535 2599 569 2660 et
586 2592 632 2658 ibi
649 2599 700 2657 est
716 2601 804 2659 meta
830 2591 864 2658 in
887 2590 983 2658 dumo
1000 2593 1096 2676 ilico;
1122 2593 1199 2660 inde
1216 2594 1313 2662 vadit
1338 2590 1492 2658 adriam

361 2703 546 2788 publicam,
566 2711 598 2768 et
614 2701 660 2767 ibi
676 2701 709 2767 in
726 2699 823 2768 durno
841 2701 956 2788 spineo
974 2709 1025 2767 est
1040 2711 1147 2786 meta;
1174 2703 1297 2768 abinde
1313 2699 1490 2787 protendi-

362 2817 414 2877 tur
430 2810 475 2878 ad
490 2815 596 2876 metas
612 2809 809 2895 angulares,
837 2829 878 2874 ex
895 2809 1013 2890 quibus
1030 2809 1155 2893 regirat
1170 2827 1285 2876 versus
1316 2807 1494 2876 meridiem

361 2919 454 2984 iuxta
489 2917 806 2984 commetaneitatcm
832 2916 1064 2982 cruciferorum
1090 2917 1132 2982 de
1157 2917 1230 2982 Bun
1254 2917 1404 3003 pervenit
1442 2919 1488 2983 ad

362 3023 493 3093 fluvium
509 3025 730 3109 antedictum,
757 3035 789 3089 et
799 3015 925 3091 'metam
943 3023 1191 3108 antescriptam,
1208 3023 1318 3107 ibique
1333 3024 1493 3090 termina·

361 3144 422 3202 tur.
447 3131 529 3199 Item
556 3133 622 3217 ipsi
637 3129 826 3198 Alexander
855 3139 887 3196 et
904 3131 1091 3217 Stephanus
1110 3140 1177 3196 tam
1194 3151 1253 3216 pro
1277 3151 1314 3196 se
1331 3139 1400 3197 tam
1427 3152 1491 3219 pro

362 3241 429 3308 illis
445 3239 563 3324 quibus
580 3238 721 3306 aderant
733 3237 884 3306 dixerunt
901 3239 1008 3323 ipsum
1020 3238 1259 3305 clementinum
1271 3257 1346 3305 esse
1365 3241 1490 3305 eteius

360 3351 610 3437 predecessores
635 3367 747 3414 verum
764 3353 797 3412 et
813 3345 955 3413 nobilem
972 3347 1181 3428 iobagionem
1200 3345 1301 3415 castri
1326 3355 1359 3413 et
1375 3346 1493 3428 luisse,

363 3458 447 3526 sicut
462 3463 495 3523 et
511 3455 574 3542 ipsi
590 3461 667 3520 sunt
682 3473 722 3519 ac
748 3451 1005 3537 predecessores
1031 3455 1162 3520 fuerunt
1178 3453 1378 3536 eorundem,
1405 3454 1489 3520 obli·

362 3563 518 3648 gantibus
535 3561 638 3626 eciam
654 3559 761 3627 isdem
785 3559 973 3628 Alexandro
991 3569 1023 3627 et
1040 3562 1210 3649 Stephano
1236 3578 1273 3626 se
1291 3580 1331 3627 ac
1357 3559 1492 3628 unirer·

364 3691 419 3738 sos
437 3687 494 3756 pro
511 3669 627 3753 quibus
644 3665 826 3750 astiterunt,
845 3665 1084 3736 Clementinum
1100 3669 1265 3754 prelatum
1281 3673 1315 3733 et
1331 3667 1402 3733 eius
1418 3685 1494 3734 suc·

365 3795 512 3845 cessores
528 3777 571 3843 ab
589 3775 738 3843 omnibus
756 3777 913 3862 impetere
930 3774 1117 3845 volentibus
1130 3775 1265 3844 racione
1283 3775 1388 3862 ipsius
1404 3781 1494 3842 terre

362 3883 460 3951 unius
476 3884 578 3952 aratri
603 3902 664 3969 per
689 3883 798 3948 emnia
818 3879 1025 3950 defensuros.
1049 3885 1087 3949 ln
1104 3887 1198 3950 cuius
1223 3881 1270 3950 rei
1297 3883 1494 3950 memoriam

361 3991 543 4080 pleniorem
559 4007 695 4076 presens
711 3988 866 4075 scriptum
883 3989 1081 4058 contulimus
1098 3991 1330 4075 nostresigillo
1348 4008 1493 4055 commu-

363 4100 476 4166 nitum.
493 4100 588 4164 Anno
604 4097 717 4183 gracie
734 4098 799 4164 Mo
812 4097 898 4166 (ld-o
909 4095 1004 4164 LX=o
1022 4098 1135 4181 quinto
1152 4099 1295 4183 magistu
1317 4097 1493 4188 Bonaven-

363 4212 439 4273 tura
465 4207 632 4294 preposito
658 4211 788 4287 nostro,
815 4203 961 4272 Oliverio
992 4205 1154 4290 (lentore,
1182 4204 1314 4276 Ombnd
1331 4203 1493 4288 Custode,

362 4313 472 4380 Marco
489 4313 627 4381 Decano
647 4311 873 4396 existentibus.

340 4503 537 4572 ⁴(sacrarat
558 4505 630 4564 uere
643 4505 759 4565 nosrta
774 4504 949 4652 nsaw
973 4509 1138 4566 arrasam
1159 4507 1257 4581 utgy.
1275 4467 1414 4580 Μῶα).
1426 4505 1492 4564 aa·

923 4596 984 4668 an.)
