3230 5268
853 346 1011 454 Edd-

378 538 482 606 tuisse
496 540 557 605 snb
573 539 668 606 metis
684 545 716 605 et
740 541 887 609 terminis
912 542 1139 633 infrascriptis.
1164 547 1428 616 considerantes
1446 545 1516 630 igi·

376 652 428 712 tur
443 644 622 715 fidelitates
638 653 672 714 et
687 650 885 734 obsequiosa
902 652 1021 721 merita
1035 653 1182 723 eiusdem
1198 654 1349 742 magistri
1363 653 1515 736 Therae,

373 755 500 823 corone
523 755 626 841 Regie
641 755 788 826 exhibita
807 758 946 829 fideliter
962 767 995 828 et
1010 762 1171 851 impensa,
1190 761 1425 831 benivolencia
1441 761 1513 827 Re·

373 863 429 948 gia
443 861 689 950 circumspecte,
706 873 839 953 propter
856 886 920 952 que
935 869 1090 956 ampliori
1114 871 1378 939 remuneracione
1393 869 1514 938 fuerat

373 971 578 1055 referendus,
603 972 668 1040 iam
695 972 820 1041 dictam
837 979 956 1044 terram
972 976 1078 1044 Nulos
1094 995 1167 1045 oum
1184 979 1335 1046 omnibus
1350 978 1421 1047 suis
1441 979 1513 1046 vti-

372 1083 530 1168 litatibns,
545 1081 651 1150 vineis
667 1089 700 1150 et
715 1085 937 1171 pertinenciis,
956 1092 1053 1175 prout
1066 1088 1250 1175 predictum
1267 1093 1412 1158 eastnm
1426 1108 1511 1174 pou·

374 1191 515 1276 ridebat,
530 1191 573 1257 ab
588 1189 705 1260 eodem
720 1197 830 1260 castm
846 1197 975 1278 penitus
991 1193 1189 1266 extimendo
1205 1216 1247 1266 ex
1270 1196 1378 1282 Regia
1394 1197 1509 1266 muni-

375 1298 510 1368 ficencia
535 1300 740 1386 contulimus,
765 1301 960 1370 donauimns
984 1311 1017 1371 et
1042 1305 1238 1374 tradidimus
1254 1302 1319 1392 ipsi
1336 1303 1507 1392 magistro

374 1408 498 1478 Thome
513 1413 671 1494 perpetuo
687 1416 720 1477 et
735 1409 995 1479 irrevocabiliter
1010 1411 1258 1499 possidendam,
1269 1411 1505 1481 concedentes

374 1517 479 1592 eidem
495 1538 538 1586 ex
553 1518 667 1602 gracia
691 1518 841 1605 speciali,
866 1523 902 1586 rt
922 1521 1062 1590 eandem
1078 1519 1210 1590 tenendi
1226 1540 1285 1590 een
1302 1519 1508 1590 conterendi

373 1629 457 1696 inter
472 1627 565 1696 rinos
579 1633 636 1694 aut
659 1627 691 1694 iu
715 1632 820 1696 morte
835 1628 926 1697 iuxta
937 1649 996 1698 sue
1012 1629 1142 1698 libitum
1158 1630 1337 1700 voluntatis
1356 1630 1509 1698 liberam

372 1736 495 1806 habeat
509 1736 714 1804 facultatem.
729 1737 816 1806 llete
832 1743 941 1807 autem
957 1737 1046 1806 dicte
1072 1746 1171 1826 terre,
1195 1745 1293 1828 prout
1317 1737 1352 1806 in
1379 1738 1508 1806 litteris

373 1843 551 1932 supradicti
567 1845 707 1914 abbatis
723 1843 863 1914 vidium
879 1846 1047 1932 contineri,
1072 1848 1134 1914 hoe
1158 1845 1273 1916 ordine
1289 1845 1507 1932 distinguun-

374 1961 435 2022 tnr.
458 1954 567 2021 Prima
590 1959 679 2022 meta
702 1953 819 2039 insipit
834 1955 877 2022 ab
893 1953 1017 2024 oriente
1041 1956 1133 2025 iuxta
1168 1962 1287 2025 terrem
1303 1954 1503 2024 llonasterii

379 2064 494 2133 Sancti
508 2063 652 2148 Martini,
668 2067 701 2131 et
715 2061 806 2130 vadit
821 2083 895 2132 cnm
904 2063 990 2132 binis
1005 2065 1101 2132 metis
1118 2063 1162 2134 ad
1172 2062 1416 2132 meridionalem
1427 2083 1506 2152 par-

373 2179 437 2240 tern
460 2173 553 2240 iuxta
576 2169 713 2239 eandem
739 2177 857 2240 terram
872 2173 1086 2259 llonasterii5
1112 2179 1145 2242 et
1168 2171 1245 2242 iude
1268 2174 1314 2241 ad
1341 2173 1503 2242 occiden-

372 2283 472 2350 talem
487 2286 616 2368 partem
632 2279 677 2347 nd
691 2287 811 2348 terram
826 2281 907 2350 ville
922 2283 1063 2350 Poenem
1079 2282 1270 2371 populorum
1281 2279 1414 2350 domine
1429 2283 1496 2348 Re·

372 2393 468 2478 gine5
494 2395 526 2456 et
541 2389 618 2458 inde
632 2387 772 2456 flectitur
787 2389 833 2456 ad
847 2391 1113 2478 septemtrionem
1129 2391 1270 2460 wuendo
1285 2395 1392 2460 metas
1417 2409 1496 2457 cum

373 2498 503 2584 populis
527 2496 628 2564 castri
643 2496 826 2565 lauriensie
843 2504 876 2566 et
891 2501 1133 2568 tauernioorum
1158 2497 1279 2568 donnini
1304 2495 1425 2584 Regin
1448 2519 1503 2563 ex·

372 2608 447 2676 iude
458 2604 549 2676 venit
563 2605 678 2674 iterum
689 2605 734 2674 ad
743 2605 883 2692 primaru
893 2615 1015 2676 metam
1025 2607 1170 2678 tenendo
1180 2608 1277 2676 binas
1288 2612 1393 2676 metes
1405 2605 1505 2673 iuxta

371 2725 491 2785 terram
501 2715 693 2784 Menanterii
709 2716 822 2784 Sancti
837 2714 978 2802 Martini,
990 2725 1023 2784 et
1034 2716 1088 2785 hio
1102 2735 1217 2784 eumue
1232 2721 1389 2784 metarum
1403 2713 1499 2783 diote

372 2831 460 2893 terre
474 2825 674 2893 terminatur.
691 2825 735 2891 Vt
749 2824 849 2910 igitur
864 2824 960 2892 huius
976 2830 1088 2893 nostre
1105 2825 1299 2894 donacionis
1315 2842 1375 2892 seu
1391 2823 1497 2890 oolla·

373 2933 475 3003 einais
490 2932 593 3002 series
618 2934 717 3002 robur
733 2933 882 3003 obtineat
896 2939 1055 3020 perpetue
1078 2934 1252 3018 firmitatis,
1268 2953 1329 3003 neo
1344 2933 1379 2998 in
1394 2936 1496 3020 poste

373 3062 444 3110 rum
460 3061 520 3130 per
537 3042 724 3130 quempiam
740 3045 772 3109 in
788 3043 913 3112 irritum
928 3051 1108 3127 reuocetur,
1119 3049 1289 3132 presentes
1305 3040 1415 3110 eidem
1424 3060 1495 3106 ma·

370 3152 475 3236 gistro
490 3151 616 3219 Tharne
631 3154 853 3220 concessimus
869 3150 998 3220 litteras
1015 3152 1157 3240 duplicis
1174 3149 1278 3239 sigilli
1293 3149 1397 3218 nostri
1422 3166 1493 3214 mn-

372 3261 496 3328 uimine
514 3261 697 3330 roboratas.
715 3259 836 3328 Datum
851 3279 909 3347 per
925 3279 1040 3328 manus
1057 3260 1207 3346 magistri
1221 3255 1392 3326 Benedicti
1409 3257 1492 3325 Oro-

372 3367 496 3438 dieusis
512 3368 685 3458 Propositi,
703 3369 779 3437 aule
795 3374 907 3438 nostre
931 3367 1223 3438 vicecancellarii
1232 3365 1344 3437 dilecti
1360 3373 1395 3434 et
1410 3366 1493 3436 lide-

371 3477 413 3546 lis
437 3475 960 3560 nostri‚annoab1neerneeioue
983 3475 1117 3546 Domini
1141 3475 1316 3544 millesimo
1341 3474 1496 3543 ducente·

376 3585 457 3654 simo
467 3585 721 3673 septuagesimo,
732 3585 839 3671 Regni
855 3589 962 3655 autem
977 3586 1082 3654 noemi
1097 3606 1186 3656 anno
1202 3581 1328 3674 primo‘.

373 3779 539 3856 (Zeigmond
561 3777 657 3853 kirtly
681 3779 792 3836 139cik
805 3778 967 3852 dtiratdbdl,
986 3780 1121 3854 melyuek
1134 3781 1262 3840 eredetie
1276 3779 1411 3839 drintetik
1424 3797 1444 3836 a
1457 3797 1497 3839 ιι.

667 3868 789 3930 andaoni
801 3869 958 3946 tdapdtsdg
971 3869 1198 3942 levdltlrabau.)
