3250 5268
606 367 756 468 ...9.7,

107 563 179 628 Rex
196 559 350 646 lllustris‚
376 567 470 646 peter
497 567 584 647 tuus,
612 563 789 648 diligenter
814 561 996 645 attendens,
1024 564 1111 647 quod
1126 567 1167 632 do
1184 565 1240 630 Ni·

5 665 6 728 l
110 667 186 752 tria,
212 668 253 734 de
272 669 424 754 Posonio,
451 669 492 736 de
514 669 651 754 Musam,
668 671 710 737 de
734 670 876 756 Supprio
893 673 926 735 et
941 669 1096 738 Ferreum
1121 669 1241 740 Castra

5 837 6 844 ,
110 775 220 860 Regni
236 773 385 860 Ungarie
402 776 435 844 in
453 776 592 843 confinio
610 778 763 862 eiussita,
781 777 888 844 cidem
905 777 1029 863 Regno,
1045 779 1074 846 si
1091 797 1141 864 ea,
1153 777 1241 860 quod

5 917 7 978 g
110 881 213 966 absit,
230 885 273 950 ad
288 885 403 953 hostes
429 885 638 971 pervenirent
663 887 787 972 ipsius,
813 885 930 972 gravis
950 883 1124 971 dispendia
1140 885 1241 954 immi·

5 1035 7 1084 p
110 997 238 1076 nerent,
256 1001 289 1056 et
304 991 391 1077 quod
407 993 525 1059 eadem
542 1000 654 1060 castra
667 1012 726 1078 per
741 999 774 1058 te
790 991 901 1059 utilius
918 1000 1053 1078 possent
1069 1013 1166 1078 qnam
1183 1013 1242 1079 per

5 1163 7 1198 l
111 1099 214 1166 alium
232 1101 419 1186 gubernari,
446 1121 486 1168 ea
511 1101 571 1166 tibi
597 1101 701 1184 Regia
717 1099 915 1168 liberalitate
932 1100 1080 1184 donarit,
1097 1109 1193 1186 prout
1208 1101 1241 1168 in

5 1207 7 1220 '
111 1208 302 1293 patentibus
318 1207 437 1276 litteris
453 1207 531 1276 dicti
547 1207 649 1294 Regis
666 1207 826 1274 confectis
844 1205 963 1273 exinde
978 1207 1107 1292 plenius
1123 1207 1243 1274 dicitur

113 1316 286 1381 contineri.
317 1317 387 1383 Nos
413 1317 524 1400 itaque
550 1319 614 1384 tuis
640 1323 674 1382 et
692 1315 814 1402 prelati
829 1315 929 1396 Regis
946 1317 1243 1403 supplicationibus

5 1409 6 1442 ³
113 1424 276 1508 inclinati,
302 1423 511 1491 donationem
538 1425 732 1508 huiusmodi,
754 1423 839 1490 sieut
857 1423 994 1509 provide
1011 1423 1100 1492 facta
1116 1432 1175 1509 est,
1192 1444 1243 1493 ra-

5 1617 6 1632 *
112 1539 182 1598 tam
199 1539 235 1597 et
250 1529 376 1599 firmum
400 1533 572 1616 babentes,
601 1551 674 1598 eam
700 1531 896 1598 auctoritate
912 1531 1105 1616 Apstolica
1131 1531 1244 1599 contir-

5 1635 7 1718 Ῡ
116 1659 243 1705 mamus
261 1645 323 1706 etc.
358 1640 450 1706 Nulli
466 1659 543 1725 ergo
561 1645 623 1707 etc.
641 1647 751 1705 nostre
768 1637 1011 1706 confirmatione
1028 1645 1090 1706 eto.
1122 1641 1245 1706 Datum

5 1735 7 1766 ³
116 1745 204 1832 apud
223 1745 344 1814 Urbem
362 1748 510 1815 Veterem
537 1748 652 1815 Idibus
670 1749 759 1816 Julii.
792 1747 1003 1814 Pontificatus
1029 1747 1132 1814 nostri
1157 1767 1244 1816 anno

117 1855 228 1922 terlio.

227 2047 291 2122 (lv.
305 2046 406 2106 Orbdn
418 2047 494 2122 pcipe
502 2049 700 2124 Regestdibdl,
711 2048 839 2106 'l'heiner
851 2049 889 2106 id.
904 2067 940 2104 rn.
952 2049 974 2105 1.
988 2049 1016 2106 k.
1028 2049 1091 2106 tut.
1103 2050 1136 2122 l.)

564 2333 808 2344 ———-—-

660 2817 716 2884 db.

159 2983 220 3052 IV.
241 2983 352 3049 orsae
362 2981 453 3067 pdpa
468 3001 655 3066 epycuaaou
669 2978 789 3066 {typheo
803 3001 842 3044 aa
859 2982 1043 3067 scaterpoms‘
1057 2979 1208 3048 droeledee.

643 3086 742 3152 1264.

234 3265 390 3334 Urbanus
408 3265 592 3352 Episcopus
618 3273 680 3334 etc.
699 3268 880 3335 venerabili
896 3267 989 3334 fratri
1006 3317 1013 3332 .
1032 3315 1039 3332 .
1057 3315 1066 3333 .
1083 3267 1250 3354 Arobiepi-

123 3395 225 3462 scopo
243 3375 462 3459 Strigoniensi
487 3374 625 3441 salutem
651 3381 713 3441 oto.
756 3377 818 3444 Pro
844 3375 920 3441 fidei
945 3375 1079 3460 meritis,
1109 3393 1174 3458 qua
1192 3393 1250 3460 per

125 3483 250 3552 Christi
267 3483 404 3550 rutilare
420 3482 559 3565 gratiam
589 3481 729 3549 dilectus
744 3485 831 3550 lilius
849 3483 966 3550 nobilis
982 3483 1032 3548 vir
1048 3478 1160 3570 B(ela)
1178 3483 1252 3549 Dur

5 3667 7 3676 ‚
125 3591 302 3660 Solanonie
320 3591 558 3676 comprobatur,
585 3610 656 3656 eum
683 3591 822 3660 libenter
847 3591 986 3675 specieli
1012 3592 1127 3661 levore
1142 3609 1252 3678 proso-

128 3699 267 3784 qnimnr‚
285 3705 318 3765 et
335 3717 398 3782 qne
415 3699 477 3766 sibi
494 3700 744 3786 prosperitatem
767 3701 923 3782 adiciant,
939 3700 1119 3768 liberaliter
1135 3697 1253 3780 elargi·

126 3826 220 3890 mnr;
237 3805 331 3873 firma
348 3807 541 3876 credulitate
559 3815 717 3894 tenentes,
743 3807 829 3892 quod
853 3814 975 3891 quanto
1001 3807 1142 3891 gretiam
1158 3826 1253 3893 gran·

5 3961 6 3964 =
127 3917 254 3982 diorem
281 3916 325 3982 ab
350 3916 553 4000 Apostoliea·
569 3914 656 3982 Sede
681 3917 880 4002 perceperit,
907 3922 997 3982 tanto
1019 3915 1050 3980 ei
1066 3915 1254 3982 ferventiori

128 4025 238 4092 studio
255 4042 291 4090 se
317 4032 477 4109 oportuno
504 4031 651 4112 tempore
676 4023 819 4091 studebit
843 4024 994 4092 devotum
1020 4043 1078 4111 per
1104 4023 1254 4092 effoetum

127 4133 240 4219 operis
256 4133 423 4200 exhibere.
456 4135 545 4202 Sane
571 4133 687 4220 petitio
704 4153 766 4201 sna
781 4134 876 4202 nobis
894 4132 1041 4201 exhibita
1057 4130 1255 4212 continebat,

129 4239 217 4324 qnod
234 4239 425 4308 carissimus
440 4243 483 4306 ·in
509 4238 638 4308 Christo
654 4239 740 4308 filius
756 4246 868 4309 noster
883 4237 995 4329 B(ela)
1022 4237 1167 4325 Ungarie
1184 4237 1256 4304 Rex

129 4349 283 4428 illustris,
300 4354 395 4435 pater
410 4367 499 4434 snus,
526 4348 701 4436 diligenter
718 4351 903 4436 attendens,
921 4349 1009 4432 quod
1024 4349 1065 4416 de
1082 4347 1199 4432 Nitria,
1215 4345 1258 4414 de

128 4457 283 4543 Posonio‚
312 4457 515 4540 dedissem,
541 4457 583 4524 de
609 4458 751 4544 Supprio
778 4465 812 4526 et
838 4457 992 4524 Ferreum
1019 4456 1136 4525 Castra
1151 4456 1257 4542 Regni

128 4566 278 4654 Ungarie
295 4565 329 4636 in
347 4565 486 4633 confinio
501 4563 573 4633 eius
590 4567 666 4650 sita,
684 4567 792 4636 eidem
804 4565 928 4652 Regno,
946 4566 976 4633 si
991 4584 1043 4650 oa,
1061 4565 1145 4649 quod
1161 4563 1257 4650 absit,

127 4675 170 4744 ad
185 4676 299 4744 hostes
314 4675 525 4763 pervenirent
538 4675 651 4761 ipsius,
669 4675 785 4758 gravis
801 4673 975 4760 dispendia
991 4673 1208 4759 imminerent,
1226 4677 1260 4741 et

182 4801 284 4844 uorsus
299 4801 379 4842 usus.
395 4800 576 4844 rursu-men.
591 4802 605 4842 s
1086 4785 1104 4854 7
