3230 5268
926 997 1004 1065 122·

403 1215 536 1282 Ldrs'ucs
551 1215 655 1281 oddus·
670 1218 701 1282 ds
715 1215 997 1304 aomcpys'fllspdu
1012 1217 1247 1298 btrdtdrsuioul,
1261 1240 1283 1281 o
1297 1214 1447 1302 lorum
1458 1235 1532 1280 etu-

403 1321 535 1390 budosai
550 1324 633 1391 dltul
647 1323 793 1413 elfeplclt
813 1326 905 1412 lopo
929 1327 1011 1392 meu
1028 1324 1144 1411 soldos,
1171 1323 1260 1391 orac
1283 1323 1454 1408 munds,
1482 1323 1531 1386 lsi-

554 1432 608 1498 lee
623 1432 765 1520 rucupi
771 1438 872 1521 jopou
888 1443 1043 1517 tustosott,
1059 1433 1256 1521 mssmcdjc.
1271 1433 1370 1498 1268.

508 1647 709 1717 Lsursncios
736 1647 906 1718 Palatinus
932 1656 966 1716 et
993 1651 1110 1717 Comes
1127 1648 1344 1735 symigiens's
1360 1647 1527 1716 universis

256 1772 262 1782 '
401 1753 521 1824 christi
546 1755 697 1824 fidelibus
722 1755 926 1844 presencium
953 1757 1110 1824 noticiam
1135 1757 1297 1826 habituris
1320 1758 1466 1824 salntem
1492 1755 1526 1822 in

400 1865 551 1934 Domino.
568 1865 621 1932 Ad
637 1864 862 1934 universitatis
877 1873 986 1933 uestro
1003 1867 1158 1933 noticiam
1184 1873 1297 1934 wnors
1312 1865 1525 1952 presencium

399 1974 546 2040 nolumus
561 1973 744 2060 peruenire,
770 1973 859 2056 quod
884 1993 956 2041 cum
983 1993 1043 2042 nos
1068 1974 1220 2044 dominus
1244 1981 1355 2040 noster
1378 1971 1526 2041 Illustris

398 2083 480 2150 Bela
496 2083 566 2149 Rex
583 2081 752 2167 Hungsric
768 2083 811 2149 ad
826 2081 1029 2152 revocsudss
1045 2089 1149 2150 terras
1175 2102 1216 2150 ac
1241 2081 1309 2147 alia
1333 2081 1404 2146 iura
1429 2078 1523 2146 nobi

398 2189 475 2258 lium
490 2209 549 2278 per
564 2187 770 2273 uduornicos,
788 2197 986 2274 castrenses,
1012 2196 1044 2257 ct
1069 2189 1209 2277 populos
1235 2188 1366 2254 dominc
1393 2188 1523 2273 Regiae

400 2317 440 2365 ac
456 2297 540 2365 alios
557 2295 729 2366 cuiuslibet
746 2298 947 2366 condicionis
961 2297 1110 2367 homines
1124 2304 1285 2382 occupata
1311 2295 1354 2362 ad
1378 2294 1523 2364 (lumita-

394 2411 464 2474 tum
488 2405 729 2494 Symigiensem
754 2408 1010 2492 transmisisset,
1037 2414 1070 2475 et
1085 2407 1229 2493 quinque
1245 2404 1393 2472 homiues
1407 2401 1451 2472 de
1467 2423 1523 2472 ne-

397 2513 518 2582 bilibus
534 2515 648 2600 ipsius‚
665 2516 840 2582 comitatus
856 2515 979 2582 electos
995 2533 1054 2600 per
1068 2533 1183 2580 omncs
1199 2511 1328 2580 nobiles
1343 2511 1383 2578 de
1404 2510 1523 2578 eodem

397 2621 580 2702 (lumitate,
606 2619 789 2691 Jobasncm
815 2621 943 2690 scilicet
969 2623 1128 2691 Comitem
1144 2621 1246 2689 tilium
1261 2621 1351 2708 Isyp,
1366 2621 1522 2690 cosmam

396 2730 437 2797 de
461 2729 619 2815 Kutnna,
635 2731 836 2817 Stephanum
853 2730 955 2798 fllium
970 2732 1095 2815 Deers,
1121 2729 1313 2816 Gregorium
1329 2726 1430 2796 filium
1446 2727 1521 2796 Iba
1600 2800 1607 2816 ,

393 2857 460 2922 rus,
477 2845 510 2905 et
524 2836 683 2907 'Pbomam
700 2839 802 2905 filium
818 2837 948 2906 Mortun
965 2839 1007 2906 de
1033 2837 1159 2906 Wislov
1174 2837 1269 2906 nobis
1285 2836 1318 2904 in
1333 2837 1445 2906 socios
1460 2836 1518 2906 de-

400 2953 558 3032 putasset,
577 2953 609 3014 et
634 2947 733 3034 ijdem
759 2947 903 3032 quinque
926 2946 1053 3016 nobiles
1078 2947 1161 3032 socij
1186 2947 1289 3015 nostri
1313 2943 1523 3016 iureimsnoc

395 3061 484 3123 tacto
509 3061 623 3122 sancto
650 3063 683 3124 et
708 3055 838 3123 uiuibce
861 3057 973 3125 Orncis
990 3055 1081 3141 ligno
1110 3054 1261 3138 Domini,
1286 3053 1419 3130 domino
1435 3053 1521 3138 Regi

395 3163 634 3250 promisissent,
649 3163 738 3249 quod
763 3183 829 3231 non
844 3163 936 3231 aliud
952 3163 1014 3230 nisi
1032 3163 1103 3232 iura
1120 3161 1281 3231 nobilium
1295 3161 1444 3238 indebite
1459 3179 1522 3247 per

395 3271 658 3340 conditionarios
683 3279 845 3360 occupsts
868 3274 1097 3354 restituerent,
1124 3278 1157 3338 et
1188 3270 1294 3338 eciam
1318 3269 1516 3370 secundario

326 3431 334 3459 ,
393 3377 487 3448 nobis
503 3379 598 3447 tactis
614 3378 813 3450 sacrosantis
828 3379 979 3467 reliquijs
994 3378 1215 3466 coevangelio
1231 3397 1332 3467 snpra
1342 3378 1427 3448 tiliob
1435 3378 1518 3448 tilio·

392 3501 461 3554 rum
477 3488 640 3556 iurassent
655 3487 737 3556 illud
753 3487 850 3573 idem,
866 3495 900 3558 et
913 3495 1047 3577 recepta
1072 3486 1133 3554 tali
1157 3489 1315 3556 caucions
1339 3487 1516 3574 processis·

392 3613 502 3662 semus
526 3594 571 3661 ad
595 3605 784 3684 preceptum
800 3595 923 3665 domini
939 3595 1186 3684 supradictum,
1203 3595 1294 3664 Grsb
1310 3593 1397 3664 filius
1412 3597 1517 3666 Benc-

393 3699 473 3768 dicti
497 3703 540 3770 de
564 3723 684 3788 genere
710 3703 875 3792 (Rstbo)lt
889 3703 933 3790 (l)
959 3704 1001 3772 de
1025 3704 1156 3791 populis
1183 3704 1312 3772 domiue
1328 3704 1458 3790 Regius
1473 3705 1517 3773 de

392 3807 473 3877 silla
489 3810 611 3899 Kethyl
625 3811 787 3897 quandam
804 3813 998 3902 particulam
1013 3819 1099 3880 terre
1114 3830 1172 3880 sue
1187 3811 1394 3899 hereditarie,
1417 3835 1515 3898 quam

392 3917 434 3986 de
444 3925 530 3987 terra
541 3939 602 3990 sua
617 3916 762 4008 La(apa)
779 3931 897 3990 vocata
913 3927 1081 4008 receptam
1098 3927 1130 3986 et
1145 3917 1305 3991 violenter
1316 3929 1513 4009 occupatam

391 4044 467 4094 esse
482 4023 614 4095 dicebat
630 4048 739 4097 coram
754 4031 849 4098 nobis
866 4037 899 4098 et
916 4051 1027 4100 corum
1043 4030 1269 4099 coniudicibus
1294 4033 1415 4101 nostris
1440 4051 1513 4116 pre·

394 4131 501 4219 dictis,
519 4135 635 4220 petivit
651 4154 709 4225 per
726 4134 858 4206 formam
875 4138 1099 4224 inquisicionis
1116 4139 1180 4207 sibi
1196 4137 1297 4208 reddi.
1309 4141 1428 4208 Verum
1439 4159 1514 4208 cum

388 4262 449 4311 nos
472 4242 518 4310 ad
544 4241 648 4329 ipsam
673 4244 922 4328 inquisicionem
938 4249 1227 4334 processissemus,
1244 4248 1401 4318 scivimus
1419 4269 1513 4319 vera·

390 4349 481 4436 citer,
498 4349 621 4420 dictum
636 4353 827 4438 perticulam
844 4360 930 4422 terre
947 4353 1049 4423 luisse
1063 4353 1107 4422 de
1123 4354 1401 4426 iurehereditario
1417 4356 1510 4427 Grsb

384 4459 572 4548 antedicti;
597 4461 643 4530 ad
668 4461 823 4530 maiorem
848 4467 957 4530 tumen
982 4463 1144 4532 cautelam
1170 4464 1276 4550 ipsum
1305 4464 1396 4534 (lrab
1413 4485 1511 4554 super
1598 4485 1600 4498 ·

383 4565 536 4648 predicta
551 4569 714 4655 particula
725 4575 810 4639 terre
820 4571 1037 4658 personaliter
1052 4557 1262 4642 constitutum
1278 4573 1321 4641 ad
1334 4593 1508 4660 personam

388 4689 484 4742 suam
499 4681 532 4742 et
547 4677 593 4745 ad
607 4675 692 4745 filios
707 4676 843 4746 filiorum
860 4697 990 4752 suumn
1017 4681 1125 4752 iurare
1149 4679 1287 4754 lecimus
1312 4683 1439 4754 orribili
1464 4681 1508 4752 iu·
