3270 5280
821 287 992 390 A
1100 271 1108 281 .

339 493 474 576 propter
490 485 555 554 hoo
579 489 733 551 tenentur
758 481 905 566 astricti,
932 487 965 546 et
983 480 1200 568 dispensandi
1216 500 1288 547 cum
1314 479 1390 564 illis,
1411 481 1473 564 qui

340 595 614 664 excommunicati
638 593 692 660 vel
727 590 882 676 suspensi
908 589 992 655 alias
1017 590 1238 656 immiscentes
1270 609 1307 656 se
1337 586 1473 654 Divinis

339 703 614 792 irregularitatem
631 703 775 784 aliquam
790 697 1006 784 incurrerunt,
1023 698 1101 765 dum
1117 705 1228 765 tamen
1245 695 1472 782 crucesignati

341 814 488 883 existant
503 809 557 878 vel
574 829 701 877 crucem
718 810 881 894 recipiant
896 813 929 872 et
945 805 978 871 iu
994 806 1082 873 dicte
1099 813 1184 873 terre
1200 807 1381 875 subsidium
1396 828 1468 894 pcr-

342 920 501 990 sonaliter
517 915 739 992 transtretent,
757 937 815 984 seu
832 915 867 981 in
883 913 1025 1001 propriis
1043 915 1197 998 expensis
1214 914 1299 982 alios
1316 917 1393 982 illuc
1409 935 1471 1000 pro

343 1049 380 1098 se
394 1026 545 1114 ydoneos
570 1023 716 1110 dirigant
742 1024 932 1106 bellatores,
958 1027 1015 1086 aut
1039 1020 1124 1088 alias
1150 1034 1282 1106 partem
1305 1024 1347 1090 de
1372 1025 1471 1089 bouis

342 1137 412 1205 suis
428 1134 555 1222 prelato
583 1131 733 1200 subsidio
760 1149 903 1215 congrue
928 1130 1021 1196 iuxta
1047 1137 1100 1198 tnc
1125 1137 1159 1195 et
1184 1130 1324 1215 illorum,
1351 1129 1472 1214 quibus

342 1244 407 1313 boc
423 1239 633 1324 commiseris,
652 1239 862 1307 discretionis
879 1237 1047 1305 arbitrium
1065 1237 1342 1321 sumministrent;
1358 1239 1471 1308 absol-

343 1349 442 1416 uendi
457 1368 589 1434 quoque
612 1368 672 1434 per
697 1353 729 1415 te
757 1347 808 1415 rel
834 1367 893 1432 per
919 1345 1019 1413 alium
1046 1365 1104 1413 seu
1129 1345 1223 1430 alios,
1248 1365 1330 1430 quos
1348 1348 1475 1418 adhoc

342 1459 495 1548 ydoneos
512 1475 587 1525 esse
612 1453 818 1542 cognoveris,
835 1475 856 1523 a
872 1461 949 1522 voto
966 1455 1071 1520 cruris
1094 1475 1206 1522 omncs
1224 1459 1474 1544 crucesignatos

343 1570 503 1636 hactenus
530 1566 563 1632 in
591 1565 773 1632 subsidium
803 1573 889 1632 terre
920 1562 1075 1649 predicte,
1108 1571 1142 1631 et
1168 1567 1475 1653 crucesignandos

345 1676 513 1761 deinceps,
538 1673 594 1758 qui
619 1680 753 1760 propter
780 1692 911 1741 suorum
937 1669 1158 1740 infirmitatem
1183 1681 1241 1740 aut
1266 1675 1475 1746 debilitatem

345 1801 519 1868 corporum
545 1780 712 1849 inhabiles
738 1781 792 1847 rel
821 1780 1020 1864 impotentes
1047 1779 1166 1849 fuerint
1191 1783 1237 1850 ad
1260 1787 1474 1870 pugnandum

344 1891 397 1959 vel
414 1889 695 1959 transfretandum
721 1909 759 1957 se
783 1888 816 1954 in
841 1889 946 1973 ipsius
972 1896 1056 1956 terro
1081 1908 1276 1976 succursum,
1295 1892 1475 1964 dummodo

344 1998 522 2066 secundum
539 1997 690 2084 proprias
707 1995 883 2064 facultates
898 1995 1002 2064 velint
1018 1997 1179 2066 redimere
1195 2007 1272 2067 vota
1287 2021 1368 2086 sua,
1386 2021 1472 2070 com-

345 2105 496 2174 mutandi
513 2123 643 2188 qnoque
660 2125 718 2190 per
743 2111 776 2170 tc
802 2106 855 2171 rel
871 2124 931 2190 pcr
947 2105 1045 2170 alium
1062 2124 1121 2172 seu
1138 2105 1221 2172 alios
1238 2108 1271 2173 iu
1289 2109 1475 2180 huiusmodi

345 2221 456 2282 votum
475 2211 582 2280 crucis
599 2218 678 2280 rota
703 2212 980 2298 peregrinationis
997 2218 1030 2278 et
1045 2213 1246 2281 abstinentie
1262 2217 1401 2302 illorum,
1420 2221 1478 2304 qui

346 2341 406 2408 pro
423 2320 510 2388 dieto
534 2321 684 2389 subsidio
712 2322 841 2405 signum
868 2321 973 2387 crucis
1002 2323 1262 2412 assumpserint5
1289 2333 1322 2392 et
1338 2327 1476 2414 dispeu-

346 2430 443 2496 saudi
459 2448 532 2496 cum
548 2429 786 2514 quinquaginta
806 2427 934 2496 clericis
953 2427 1098 2494 eiusdem
1115 2431 1219 2513 Regni
1236 2433 1401 2500 defectum
1418 2456 1476 2502 ua·

347 2538 464 2606 talium
489 2537 705 2624 patientibus,
731 2535 905 2603 dnmmodo
934 2555 995 2602 non
1022 2537 1087 2602 sint
1111 2537 1154 2604 de
1180 2539 1343 2610 adulterio
1360 2545 1415 2610 vel
1432 2547 1479 2612 in·

348 2651 451 2734 cestu,
468 2655 525 2714 aot
542 2645 585 2714 de
599 2645 809 2732 regularibus
825 2646 1000 2730 procreati,
1017 2665 1076 2712 nco
1093 2652 1228 2732 paterne
1238 2649 1478 2719 incontinentis

347 2756 542 2838 imitatores,
570 2754 630 2821 sed
656 2755 744 2822 bone
760 2755 1019 2821 conversationis
1036 2763 1068 2822 ct
1085 2757 1162 2841 vite,
1180 2755 1331 2842 aliasque
1347 2760 1396 2826 eis
1412 2779 1478 2827 me-

347 2865 413 2933 rita
429 2863 659 2949 suffragentur,
676 2865 719 2931 ad
737 2863 996 2948 dispensationis
1022 2865 1164 2946 gratiam
1181 2866 1404 2954 obtinendam,
1423 2871 1480 2954 qui

350 2973 447 3060 siguo
474 2974 579 3040 crucis
607 2978 778 3058 assumpto
804 2970 1088 3039 transmetaveriut
1104 2975 1324 3058 personaliter
1340 2979 1372 3043 in
1390 2977 1479 3044 dicte

349 3089 434 3150 terre
451 3078 641 3166 subsidium,
668 3081 722 3148 vel
749 3081 828 3147 illuc
852 3079 1031 3148 bellatores
1057 3079 1207 3165 ydoneos
1224 3083 1477 3172 destinaverint,

349 3198 407 3257 aut
432 3189 518 3257 alias
544 3196 673 3275 partem
698 3189 741 3256 de
766 3189 861 3257 bouis
887 3189 956 3256 suis
984 3187 1133 3274 predicto
1160 3191 1307 3260 subsidio
1334 3214 1479 3279 congrue

348 3301 442 3366 iuxta
458 3303 514 3364 tue
530 3295 739 3364 discretionis
768 3297 940 3364 arbitrium
965 3297 1206 3386 ministrabunt,
1232 3300 1319 3384 quod
1339 3303 1479 3384 quilibet

350 3403 656 3476 eorambniusmodi
668 3423 732 3470 non
744 3405 898 3473 obstante
910 3401 1155 3492 defectupossit
1165 3408 1334 3476 sdomucs
1344 3411 1479 3480 ordines

349 3513 533 3601 promoveri
545 3511 841 3580 eteoclesiasticum
852 3511 1042 3580 beneficium
1054 3515 1354 3602 obtinere,etiamsi
1365 3539 1479 3588 curam

348 3625 473 3692 babeat
496 3622 698 3688 animarum:
724 3619 919 3690 absoluendi
951 3623 1087 3708 iusuper
1124 3622 1262 3693 durante
1303 3631 1480 3700 commisso

348 3733 411 3800 tibi
426 3729 612 3798 huiusmodi
639 3729 746 3796 crucis
772 3730 904 3814 negotio
921 3735 1038 3815 perte,
1055 3731 1106 3798 vol
1125 3751 1184 3816 per
1199 3733 1301 3802 alium
1316 3755 1377 3805 seo
1393 3739 1480 3806 alios

348 3841 509 3929 ydoneos,
525 3838 617 3906 iuxta
645 3834 784 3904 formam
812 3837 963 3905 Ecclesie
989 3857 1102 3907 omnes
1126 3840 1213 3926 illos,
1235 3861 1317 3924 quos
1334 3864 1394 3930 pro
1410 3847 1480 3916 rio·

349 3951 441 4016 lenta
456 3946 633 4014 iniectione
649 3965 805 4014 manuum
820 3947 852 4012 in
869 3946 957 4014 viros
982 3947 1159 4030 religiosos
1176 3955 1211 4016 et
1226 3953 1364 4020 clericos
1385 3965 1480 4024 secu·

348 4057 451 4140 lares,
463 4055 516 4122 rel
532 4052 632 4120 etiam
648 4071 707 4138 pro
724 4053 875 4122 incendio
888 4052 1046 4123 incidisse
1062 4059 1262 4144 compereris
1273 4061 1307 4128 in
1318 4081 1480 4133 canonem

350 4164 512 4232 sententie
538 4161 764 4250 promulgate,
790 4160 969 4230 dummodo
993 4162 1130 4230 iniurias
1148 4170 1182 4231 et
1197 4165 1343 4255 dampna
1367 4175 1481 4258 passis
1612 4225 1615 4235 ,

350 4271 563 4341 satisfaciant
578 4275 811 4357 competenter,
841 4275 875 4337 ct
900 4289 964 4336 non
989 4271 1033 4338 sit
1056 4271 1142 4340 adeo
1157 4275 1270 4359 gravis
1286 4283 1321 4344 et
1336 4282 1481 4349 enormis

351 4399 516 4460 excessus,
533 4379 621 4463 quod
645 4387 776 4466 propter
802 4379 865 4448 boc
894 4379 940 4445 sit
966 4380 1081 4446 merito
1098 4379 1203 4449 Sedes
1217 4385 1417 4467 Apostolica
1432 4410 1480 4458 re·

352 4489 522 4574 quirenda,
539 4507 579 4554 ac
596 4487 638 4554 de
654 4487 811 4555 mandato
827 4495 883 4554 tuo
901 4489 953 4554 rel
978 4488 1114 4570 illorum,
1140 4509 1222 4571 quos
1238 4491 1284 4559 ad
1300 4491 1363 4562 boc
1379 4499 1480 4566 duxe.

351 4597 399 4668 ris
414 4595 640 4684 deputandos,
665 4597 797 4681 signum
823 4597 930 4662 crucis
946 4597 1128 4680 receperint
1145 4595 1177 4665 iu
1193 4601 1375 4672 subsidium
1391 4607 1481 4677 dicte
