3230 5268
607 1073 686 1143 ¹02.

88 1285 118 1353 A
131 1292 223 1378 ppdrr'
237 1291 393 1382 hdptaloc
417 1291 697 1382 biaocyedylocelc,
725 1293 805 1382 bopy
824 1293 944 1358 Taruda
958 1293 1070 1360 locat
1078 1297 1208 1382 prdport

135 1396 212 1466 “loe
237 1404 320 1468 nevil
335 1399 443 1487 fltldet
467 1424 487 1465 c
506 1401 740 1489 pannocbalrui
763 1401 1208 1490 apotaetpnalceladtc.1271.

196 1615 384 1704 Capitulum
411 1615 596 1686 lauriensis
622 1617 773 1688 Ecclesia
797 1617 956 1688 uniuersis
971 1617 1092 1687 Obristi
1105 1617 1208 1688 fideli·

86 1725 146 1792 bus
162 1731 228 1792 tam
243 1727 451 1813 presentibus
468 1747 565 1811 quam
581 1727 698 1795 futuris
719 1745 855 1814 presens
871 1728 1025 1815 scriptum
1042 1729 1206 1814 inspectu·

84 1835 130 1900 ris
146 1833 286 1902 salutem
302 1835 334 1899 in
350 1835 490 1903 Domino
500 1837 744 1922 sempiternam.
755 1835 808 1902 Ad
817 1836 1040 1903 uniuersorum
1051 1835 1206 1905 noticiam

83 1949 197 2009 teucro
212 1943 416 2029 presencium
431 1945 581 2013 volumus
601 1944 784 2031 peruenire,
801 1945 890 2029 quod
899 1944 1061 2031 magistro
1072 1945 1208 2032 Thomu,

83 2051 254 2138 Preposito
278 2053 448 2138 llanteusi,
469 2053 653 2123 concanioo
684 2059 796 2121 nostro
826 2053 1044 2139 personaliter
1074 2075 1115 2122 ex
1141 2073 1207 2120 una

82 2167 188 2247 parte,
205 2169 239 2229 et
252 2161 354 2231 fratre
370 2163 512 2232 Henrico
526 2161 698 2246 monacho,
714 2181 754 2228 00
769 2163 888 2230 Wosoe
899 2162 1080 2249 jobagionc
1095 2164 1206 2233 lione«

85 2269 177 2338 sterii
194 2269 307 2338 Sancti
323 2271 457 2338 Martini
472 2291 533 2358 pro
547 2269 728 2339 rcncrabili
751 2268 820 2338 viro
846 2270 978 2339 domino
1003 2265 1205 2358 B(onilacic)

82 2376 217 2446 Abbcte
232 2377 379 2446 eiusdem
394 2379 585 2447 blonasterii
601 2397 642 2447 cx
662 2377 769 2446 altera
795 2397 905 2448 coram
929 2377 1025 2446 nobis
1050 2378 1206 2447 constitu·

83 2486 145 2570 tis3
163 2485 252 2554 idem
267 2483 412 2556 Thomas
427 2485 615 2571 Propositus
630 2493 681 2553 est
691 2485 872 2567 consessus,
881 2485 969 2571 qnod
979 2491 1101 2554 tcrram
1115 2505 1207 2556 snam

81 2593 187 2662 Nolon
202 2599 351 2663 vocatam
367 2615 439 2664 cum
454 2595 524 2663 auis
539 2595 732 2663 utilitatibus
747 2602 781 2662 ot
808 2594 1029 2683 pertinenciis,
1046 2593 1207 2663 sufficicn-

83 2708 146 2769 tem
172 2703 294 2770 culture
321 2705 434 2772 decem
461 2710 653 2787 aratrorum,
671 2723 712 2771 ac
729 2723 801 2770 cum
822 2702 940 2786 viginti
956 2709 989 2768 et
1003 2703 1148 2788 quinque
1162 2703 1208 2772 ui·

82 2810 152 2877 ucis
168 2831 268 2896 super
284 2811 420 2879 eandem
436 2818 555 2880 terram
572 2811 787 2879 existentibus
804 2829 849 2878 ex
875 2809 1061 2878 collacione
1087 2811 1210 2880 domini

83 2917 192 3006 B(ele)
203 2921 303 3004 Regis
313 2921 480 3006 Hungarie
495 2921 602 2990 felicis
618 2920 860 2990 recordacionis
875 2937 1081 3006 possessam,
1097 2929 1130 2987 00
1145 2923 1208 3007 pri·

81 3028 203 3114 uilegio
228 3029 387 3117 Stephani
410 3031 509 3114 Regis
525 3031 705 3116 Raugonia,
720 3029 778 3098 filii
805 3029 967 3115 eiusdem,
984 3027 1209 3098 confirmatam

81 3136 284 3206 vendidisset
300 3137 407 3206 eidcm
423 3139 551 3208 domiuo
567 3140 689 3208 Abbati
705 3146 738 3206 00
762 3139 974 3206 Menanterio
989 3139 1134 3227 predicto
1150 3159 1209 3228 pro

82 3247 199 3330 uiginti
215 3246 333 3316 marcis
349 3247 556 3316 denariorum
571 3251 640 3315 iure
655 3254 817 3335 perpetuo
828 3245 964 3333 pacifice
974 3247 1209 3335 possidendam

84 3353 200 3425 eodem
216 3361 317 3442 statu,
334 3373 397 3440 quo
412 3356 499 3424 idern
515 3357 659 3427 Thomas
675 3353 866 3445 Propositus
891 3357 1070 3426 dinoscitur
1093 3377 1206 3443 posse·

83 3461 183 3546 disse,
211 3481 294 3546 quas
318 3463 437 3549 viginti
462 3485 591 3534 marcae
617 3463 703 3533 idem
727 3462 870 3531 Thomas
890 3464 1080 3551 Propositus
1096 3483 1206 3534 coram

80 3569 173 3639 nobis
195 3572 320 3659 recepit
334 3571 377 3640 ab
394 3571 518 3640 eisdem
534 3595 575 3643 cx
590 3574 725 3660 integro.
745 3573 959 3658 Priuilcginm
976 3579 1090 3642 autem
1105 3573 1209 3661 ipsius

80 3679 204 3747 domini
225 3680 325 3768 Regis
341 3683 509 3770 Stephani,
522 3681 621 3770 {qnod
635 3685 724 3752 idem
740 3683 885 3752 Thomas
901 3684 1096 3772 Prepositus
1112 3703 1211 3772 super

81 3790 265 3858 collacione
290 3795 323 3858 ct
346 3791 591 3885 confirmacione
616 3793 719 3880 ipsius
735 3797 820 3860 terre
837 3791 1087 3880 impetrauerat,
1104 3791 1211 3882 predi-

81 3899 142 3967 ctis
159 3902 427 3985 procuratoribus
443 3903 583 3970 Abbetis
599 3911 631 3972 et
655 3901 849 3971 Monasterii
882 3901 999 3969 statuit
1023 3921 1130 3969 coram
1154 3921 1210 3970 no

79 4008 140 4074 bis.
169 4007 269 4076 Cuius
285 4011 415 4093 quidam
430 4017 516 4080 terre
534 4015 628 4098 moto,
646 4013 730 4081 sicut
744 4011 778 4078 in
793 4011 918 4080 litteris
930 4011 1078 4081 eiusdem
1089 4011 1213 4082 domiui

78 4117 179 4202 Regis
210 4117 354 4187 vidimus
379 4119 558 4206 contineri,
583 4122 645 4189 hoc
676 4121 791 4190 ordine
816 4119 1074 4208 distinguuntur.
1104 4122 1212 4190 Prima

79 4233 167 4293 meta
200 4225 315 4314 incipit
330 4226 373 4294 ab
398 4229 524 4298 oriente
539 4231 632 4298 iuxta
645 4237 765 4297 terram
784 4231 979 4298 monasterii
993 4227 1106 4298 Sancti
1120 4229 1211 4296 1100-

80 4333 158 4418 tini,
193 4341 227 4400 00
241 4334 334 4401 uadit
349 4353 420 4402 cum
444 4337 529 4404 binis
550 4339 646 4406 metis
662 4339 705 4405 ad
721 4336 967 4404 meridionalem
981 4343 1107 4424 partem
1122 4338 1214 4407 iuxta

80 4441 221 4510 eandem
246 4449 367 4511 torrem
392 4448 602 4532 monasterii,
629 4455 662 4514 00
685 4445 761 4513 indo
785 4445 851 4513 rad
865 4445 892 4511 it
915 4445 961 4512 ad
975 4445 1213 4515 occidentalem

79 4555 210 4636 partem
227 4549 272 4619 001
287 4557 406 4622 terram
422 4554 501 4624 01110
516 4555 653 4623 Poenam
669 4553 863 4642 populorum
890 4551 1168 4643 domincRegiue;
1179 4562 1213 4624 00

81 4658 159 4726 indc
174 4653 316 4728 flectitur
332 4661 377 4730 ad
401 4663 668 4750 septemtrionem
683 4661 827 4732 tenendo
845 4667 952 4730 metor
988 4681 1061 4730 cunr
1084 4663 1216 4752 populis

86 4767 188 4837 000001
203 4767 386 4840 lauriensi·
402 4779 435 4840 ct
450 4773 691 4844 tanamicomm
711 4771 963 4860 1000101110ςίος
981 4772 1216 4845 exindeuenie
