3230 5268
638 947 711 1012 152.

124 1143 156 1209 V.
182 1145 293 1209 lutoso
309 1165 440 1231 mappas·
455 1143 561 1230 luirctty
577 1144 622 1208 II.
641 1144 764 1210 Orator
780 1145 846 1211 esst
862 1147 1040 1234 ttrolplyal
1066 1147 1237 1236 bekesse'pet

264 1252 382 1336 mesen,
400 1253 482 1320 errb'l
497 1253 682 1340 ucueptlyes
697 1253 844 1342 oirmduyt
859 1256 903 1321 dcl
918 1256 960 1320 si.
987 1257 1083 1321 1271.

217 1449 404 1536 Stephanus
430 1450 493 1518 Dei
517 1450 631 1538 gracia
663 1452 808 1538 ngarie
822 1499 830 1533 ,
869 1451 1057 1535 Dalmacie,
1090 1453 1236 1533 Oroacie,
1272 1463 1273 1468 ’

109 1562 228 1639 Raros,
244 1558 379 1644 Servio,
396 1557 535 1626 Gallicis
545 1609 555 1643 ,
573 1559 769 1628 Lodomerie
779 1608 789 1643 ,
810 1558 990 1643 Cumania,
1016 1560 1235 1648 Balgarieque

12 1720 14 1722 -
108 1671 177 1737 Rex
194 1666 355 1736 uniuersis
370 1667 577 1751 presencium
592 1669 746 1735 noticiam
761 1667 922 1735 habituris
941 1669 1082 1736 salutem
1096 1670 1128 1735 iu
1145 1663 1234 1737 salu·

108 1777 150 1844 tis
174 1783 319 1843 auctore.
344 1775 435 1843 Licet
461 1775 565 1841 eterni
580 1773 683 1862 Regis
699 1776 835 1862 imperio
851 1777 1000 1862 generali
1028 1783 1105 1865 post
1121 1777 1184 1844 celi
1201 1785 1234 1845 et

107 1893 194 1954 terre
203 1883 383 1968 transitum,
399 1888 481 1950 teste
498 1882 640 1951 ueritate
656 1881 859 1969 evangelice,
875 1883 1029 1952 duraturo
1045 1905 1163 1973 parere
1178 1884 1233 1952 de·

109 2000 184 2062 cest
199 1994 388 2076 uniuersos,
406 1991 586 2080 specialius
606 1998 718 2059 tamen
735 2011 894 2081 personas
911 1992 1111 2061 sublimitate
1131 1993 1236 2080 Regia

108 2103 281 2170 decoratus
304 2100 410 2188 ipsius
436 2105 624 2186 preceptum
652 2101 686 2168 in
701 2120 792 2189 pace,
809 2120 872 2186 que
890 2100 1038 2168 caritatis
1055 2108 1106 2169 est
1122 2101 1232 2170 viucu-

108 2209 185 2295 lum,
213 2209 425 2278 observanda
450 2207 570 2276 mentis
585 2229 644 2277 sue
661 2211 784 2278 habere
801 2210 952 2279 continue
969 2209 1118 2277 conuenit
1133 2211 1166 2277 in
1182 2231 1234 2277 ar-

106 2319 219 2403 chivis,
237 2317 350 2388 subtili
370 2318 649 2386 consideracionis
674 2317 847 2386 libramine
862 2317 1075 2402 attendendo,
1092 2317 1175 2404 quod
1192 2341 1233 2388 ex

107 2447 148 2494 ea
174 2433 208 2494 et
233 2446 292 2514 per
320 2445 392 2492 earn
410 2424 535 2493 eisdem
551 2427 643 2510 quies
669 2425 824 2514 corporis,
841 2425 940 2492 animi
955 2427 1179 2512 tranquillitas
1195 2447 1226 2495 e-

107 2536 264 2604 subiectis
289 2536 401 2604 votiva
425 2535 599 2621 opulencia
624 2535 819 2622 prebeatn13
843 2534 1015 2620 presertim
1038 2556 1109 2603 cum
1128 2535 1231 2604 eterni

105 2643 208 2730 Regis
224 2642 310 2712 filius
327 2645 360 2712 in
376 2645 481 2712 sinum
499 2644 615 2730 patris,
632 2643 719 2709 unde
736 2648 880 2728 uenerat,
908 2662 1128 2729 regressurus,
1147 2645 1234 2730 Apot

105 2751 214 2820 stolici
230 2751 354 2820 ordinis
371 2753 467 2837 cetui,
483 2773 654 2840 perquem
671 2751 782 2817 orbem
801 2751 917 2818 instrui
933 2753 1037 2819 voluit
1046 2753 1231 2820 uniuersum

106 2866 182 2947 post
197 2859 357 2929 salutaria
372 2867 528 2947 precepta
544 2879 661 2947 pacem
679 2858 878 2926 seruandam
894 2859 1063 2942 reliquerit
1078 2866 1232 2928 etteuen·

106 2967 191 3036 dam.
207 2967 287 3055 ,Quo
312 2967 373 3036 etsi
400 2989 441 3036 ιι
467 2967 613 3034 mandati
646 2965 778 3034 celestis
810 2965 987 3034 latitudine
1002 2965 1047 3034 ad
1062 2967 1232 3036 uniuersos

106 3086 139 3145 et
154 3079 189 3144 in
214 3077 385 3145 uniuersos
406 3075 599 3145 intensionis
616 3093 674 3144 sue
691 3073 870 3142 extendere
887 3077 995 3143 soleat
1023 3076 1233 3160 incrementa,

106 3191 215 3252 tamen
241 3205 281 3252 eo
306 3185 457 3271 ampliori
482 3184 674 3252 sinceritate
701 3185 786 3250 inter
811 3204 868 3252 eos
895 3183 1032 3252 eandem
1048 3184 1142 3251 rleoet
1156 3181 1233 3250 e'sse

106 3294 298 3379 radicatam,
313 3313 392 3378 quos
408 3294 599 3379 multiplicis
615 3291 803 3360 attinencie
819 3293 899 3359 unio
914 3293 1047 3377 copulat
1067 3297 1100 3358 et
1114 3310 1232 3358 conne-

106 3403 172 3472 ctit.
199 3402 340 3471 Proinde
365 3405 513 3470 noverint
538 3401 692 3487 uniuersi,
713 3399 800 3484 quod
817 3406 893 3487 post
918 3402 1019 3487 longa
1045 3418 1232 3486 guerrarum

106 3509 306 3596 discrimina,
332 3530 396 3596 que
420 3511 503 3578 inter
531 3509 686 3577 dilectum
703 3505 923 3575 Othaccarum
951 3509 1074 3596 Regem
1098 3507 1232 3577 Boemie

104 3620 281 3702 illustrem,
298 3620 421 3686 Ducem
437 3619 576 3702 Austris,
593 3619 705 3697 Stiric,
723 3615 913 3701 Garinthie,
937 3613 1139 3686 Morhiouem
1162 3617 1230 3682 llo·

105 3727 199 3795 raris
208 3777 217 3811 ,
242 3723 417 3795 Dominum
448 3726 611 3813 Oaruiole,
627 3723 786 3808 llarchie,
802 3726 888 3811 ligre
905 3745 945 3793 ac
960 3725 1077 3795 Portus
1092 3725 1230 3808 Naonis,

113 3833 320 3904 carissimum
346 3843 513 3921 cognatum
547 3841 693 3902 nostrum
708 3853 749 3902 ιι
765 3841 860 3920 parte
876 3853 952 3920 uua,
970 3839 1001 3900 ct
1026 3853 1088 3902 nos
1115 3852 1157 3899 ex
1181 3833 1229 3900 al·

105 3952 177 4012 tera
203 3941 365 4012 suscitata
390 3943 521 4013 fueraut
540 3949 736 4032 suggerente
760 3941 895 4012 humani
919 3945 1050 4030 generis
1082 3942 1229 4026 inimico,

104 4071 176 4122 cum
191 4070 252 4120 nos
269 4071 328 4137 pro
345 4053 456 4120 votive
471 4053 564 4140 pacis
581 4053 721 4139 puritate
738 4051 950 4120 reformanda
965 4051 1109 4121 dilectos
1117 4049 1231 4120 fideles

102 4166 244 4246 nostros,
269 4159 435 4230 dominum
454 4159 592 4230 Paulum
608 4162 808 4250 Episcopum
828 4155 1121 4246 vesprimiensem,
1147 4157 1224 4244 Egi·

102 4270 190 4338 dium
213 4265 379 4337 Summum
404 4271 629 4339 camerarium
644 4271 720 4338 aule
745 4276 866 4354 nostre,
885 4269 1084 4352 Bolanum,
1103 4267 1228 4334 Βιιιιι
1303 4279 1306 4284 “

102 4377 295 4464 magistrum
320 4377 531 4449 Benedictum
553 4379 759 4468 Propositum
775 4377 1001 4462 Ororliensem,
1021 4377 1096 4446 aule
1111 4381 1224 4444 nostre

103 4485 445 4574 vicecancellarium,
460 4487 606 4557 Berones
631 4488 738 4574 Regni
763 4489 884 4568 nostri,
913 4485 1126 4572 misissemus,
1145 4484 1225 4554 dato

106 4595 231 4666 eisdem
256 4595 364 4682 pleno,
387 4595 561 4664 sufficienti
576 4591 619 4685 [et
633 4595 735 4682 legali
750 4594 917 4680 mandato,
935 4600 970 4664 ut
998 4593 1228 4665 conuenientes

104 4724 175 4780 curu
201 4703 341 4776 Prolatis
365 4709 399 4778 et
422 4705 601 4778 Beronibus
627 4704 734 4793 Regni
759 4704 903 4795 Boemie,
928 4703 1058 4780 domino
1074 4701 1226 4834 tironum
