3270 5280
933 297 977 368 46

877 391 1035 402 ‘tumn—a·-

394 490 480 576 tbco,
498 511 594 574 quem
610 511 669 560 nes
685 499 718 558 et
734 491 850 560 fratres
875 493 980 560 nostri
1004 499 1137 580 propter
1163 510 1221 558 suc
1246 488 1436 574 multiplicis
1453 486 1521 552 eri·

394 598 540 666 dentiam
556 599 729 684 probitatis
755 619 867 669 carum
894 602 1053 668 babemus
1082 600 1256 684 plurimum
1286 603 1320 662 ct
1334 603 1522 682 acceptum,

395 708 486 773 clara
501 725 624 774 morum
641 709 757 777 etrite
782 729 822 776 ac
847 708 983 777 scientie
1009 707 1126 775 merita
1147 705 1379 790 suffragantur,
1396 711 1431 768 et
1446 722 1522 787 pcr-

394 812 524 882 hibetur
539 815 770 903 testimonium,
797 815 884 900 quod
910 815 944 882 in
969 813 1196 903 spiritualibus
1221 819 1256 878 ct
1278 808 1523 897 temporalibus

395 923 439 990 sit
468 922 681 992 laudabiliter
713 925 986 1011 circumspectus,
1018 920 1203 990 huiusmodi
1237 917 1425 1006 provisione
1457 925 1521 983 etc.

394 1050 500 1116 usque
515 1031 727 1098 incrementa.
746 1033 911 1120 Rogamus
928 1033 1039 1115 itaque
1056 1028 1304 1097 universitatem
1320 1033 1470 1094 vestram
1487 1031 1522 1090 et

394 1138 561 1209 hortamur
585 1143 719 1224 attente,
740 1138 944 1225 mandantes,
961 1147 1121 1222 quotanus
1139 1135 1277 1204 eundem
1294 1133 1443 1200 Electum
1461 1131 1521 1198 ad·

394 1247 558 1316 mittentes
583 1248 719 1334 ylariter
745 1255 778 1317 et
801 1247 978 1318 honorilice
999 1252 1252 1334 pertractantes,
1270 1244 1334 1310 sibi
1350 1251 1520 1326 tamquam

394 1355 481 1441 petri
496 1363 529 1423 et
544 1356 669 1444 pastori
685 1357 866 1424 animarum
881 1365 1063 1424 vestrarum
1079 1353 1277 1441 impendatis
1292 1348 1520 1418 obedientiam

395 1470 428 1529 et
443 1465 661 1532 reuerentiam
677 1463 830 1549 debitam,
857 1485 898 1531 ae
922 1464 993 1532 cius
1018 1462 1204 1532 salubribus
1221 1459 1385 1526 mandatis
1402 1463 1436 1524 et
1451 1474 1520 1522 mo-

393 1570 471 1638 nitis
488 1571 668 1639 efficaciter
683 1571 880 1656 intendatis;
906 1573 954 1640 ita
970 1573 1055 1654 quod
1081 1571 1152 1656 ipse
1170 1570 1202 1635 in
1219 1568 1312 1636 robis
1328 1560 1520 1634 devotionis

393 1677 489 1762 lilios,
505 1699 545 1746 ac
560 1699 619 1748 vos
644 1688 878 1764 consequenter
894 1682 927 1748 in
943 1701 982 1747 ec
998 1687 1125 1766 patrem
1145 1679 1311 1745 iuvenisse
1328 1675 1518 1742 benivolum

394 1786 575 1871 gaudeatis.
593 1788 749 1873 Alioquin
765 1788 969 1854 sentenciam
980 1799 1041 1854 etc.
1058 1786 1177 1852 Datum
1190 1784 1279 1870 apud
1289 1781 1513 1853 UrbemVetc·

394 1913 464 1962 rum
480 1894 523 1961 X.
540 1894 616 1963 Kal.
633 1893 784 1963 Octobris
800 1893 1029 1981 (Pontificatus
1045 1891 1161 1979 nostri)
1179 1912 1266 1960 anno
1280 1892 1387 1986 tertio.

501 2001 540 2068 Iu
556 2021 584 2070 e.
601 2024 643 2070 m.
658 2002 754 2070 clero
770 2003 1018 2088 Zagrabriensis
1045 2002 1197 2071 Ciuitatis
1214 2007 1247 2069 et
1261 1998 1423 2068 Diocesis.
1450 1997 1515 2061 Ra·

395 2110 492 2178 tionis
508 2111 612 2178 oeulis
638 2116 698 2176 etc.
725 2117 761 2176 ut
785 2111 818 2177 in
844 2110 991 2180 secunde
1017 2109 1177 2194 usquein
1202 2109 1309 2176 finem.
1341 2105 1465 2174 Datum
1480 2112 1519 2172 nt

394 2237 505 2304 supra.

501 2323 540 2389 In
556 2343 586 2390 e.
602 2345 644 2391 nr.
661 2324 780 2411 populo
796 2327 1048 2410 Zagrabrieusis
1058 2325 1209 2392 Ciuitatis
1226 2331 1260 2391 et
1274 2324 1441 2392 Diocesis.
1454 2323 1518 2391 lla·

394 2434 493 2501 tionis
517 2433 621 2502 oculis
646 2441 707 2500 etc.
732 2453 836 2520 usque
861 2435 1066 2513 mandantes,
1092 2440 1253 2520 quatenns
1278 2431 1417 2500 cundem
1441 2433 1517 2499 Ele

394 2548 479 2607 ctum
495 2547 661 2624 tamquam
678 2549 805 2628 patrem
821 2551 855 2609 et
869 2551 1036 2628 pastorem
1062 2543 1242 2608 animarum
1258 2547 1440 2608 vestrarum
1457 2541 1517 2608 ad·

394 2650 558 2716 mittentes
574 2649 714 2736 ylarirer
730 2657 790 2718 etc.
807 2669 910 2735 usque
925 2650 1111 2736 gaudeatis.
1129 2650 1249 2716 Datum
1267 2657 1431 2735 utsupra.

500 2757 538 2822 In
555 2776 583 2823 e.
600 2777 642 2824 m.
659 2757 804 2825 Vasallis
820 2759 968 2825 Ecclesie
985 2756 1244 2844 Zagrabriensis.
1276 2755 1426 2824 Rationis
1440 2775 1516 2825 ccu-

392 2863 434 2930 lis
450 2869 512 2928 etc.
528 2882 630 2947 usque
655 2867 869 2950 mandantes,
896 2873 1059 2949 qnatenus
1085 2883 1143 2932 ros
1170 2865 1314 2932 universi
1331 2869 1365 2931 et
1389 2863 1516 2949 singuli

393 2969 500 3037 eidem
525 2971 651 3058 Electo,
668 2975 721 3040 rel
738 2975 1003 3059 procuratoribus
1021 2975 1089 3041 suis
1106 2975 1176 3040 eius
1192 2974 1322 3040 nomine
1338 2973 1372 3038 in
1389 2972 1464 3056 biis,
1482 2973 1515 3037 in

393 3079 510 3162 quibus
526 3079 682 3148 tenemini
700 3081 879 3166 intendere,
895 3102 935 3148 ae
951 3082 992 3149 de
1010 3085 1079 3151 suis
1095 3083 1219 3149 iuribus
1235 3083 1363 3166 integre
1378 3099 1515 3168 respon·

392 3185 469 3254 dere
487 3186 627 3274 curetis;
653 3189 699 3256 ita
724 3189 811 3272 quod
827 3208 886 3257 ros
902 3189 1080 3275 predictum
1101 3191 1248 3257 Electum
1265 3189 1358 3256 robis
1375 3188 1516 3275 proinde

392 3296 597 3362 constituatis
628 3297 843 3365 favorabilem
875 3304 908 3364 et
939 3297 1124 3384 benignum,
1150 3315 1274 3380 nosque
1299 3296 1515 3364 devocionem

393 3409 536 3472 vestram
552 3405 714 3490 possimus
730 3405 844 3472 merito
861 3406 1101 3474 commendare.
1135 3405 1291 3488 Alioquin
1308 3406 1516 3472 sentenciam

393 3519 453 3578 cte.
470 3509 591 3578 Datum
607 3512 694 3598 apud
711 3509 988 3582 UrbemVeterum
1006 3513 1093 3582 VIll.
1111 3513 1186 3582 Kal.
1204 3509 1362 3580 Octobris.
1390 3513 1516 3596 (Ponti-

392 3616 507 3686 tlcatus
522 3617 641 3706 nostri)
658 3639 743 3688 enno
762 3621 870 3690 tertio.

490 3793 556 3868 (lV.
568 3793 665 3854 Orbdn
684 3796 760 3868 pdps
772 3797 967 3870 Regestsibdl,
980 3797 1107 3856 Theiner
1119 3797 1156 3854 id.
1170 3815 1206 3855 m.
1218 3797 1241 3853 l.
1255 3797 1283 3854 lr.
1297 3797 1360 3854 llb.
1373 3795 1405 3869 l.)
