3270 5280
134 1165 272 1234 wana
287 1165 541 1252 ornoptironao,
556 1189 579 1230 a
587 1166 819 1254 poauoaholmi
833 1169 977 1252 epulasq,
994 1164 1084 1230 sPril
1098 1166 1130 1230 6³
1150 1161 1268 1228 Lauro

135 1274 280 1362 mosonyi
302 1273 535 1362 vorjobbdppok
559 1273 661 1358 letati,
686 1274 800 1360 doropi
820 1295 910 1360 peres
934 1273 1081 1348 kirtokro
1095 1267 1267 1338 oonarkoso

587 1381 698 1448 isaeo.
724 1382 823 1448 1262.

252 1577 324 1644 Nos
353 1577 513 1663 magister
530 1576 735 1645 Laurentius
766 1577 875 1647 Judex
891 1578 987 1646 Ourie
1021 1577 1146 1646 domini
1166 1574 1266 1660 Regis

137 1692 172 1750 et
188 1684 310 1752 Comes
327 1683 537 1752 Zaladiensis
552 1689 665 1753 tenore
680 1689 885 1771 presenoium
902 1686 1053 1753 omnihus
1076 1683 1196 1768 quibus
1211 1701 1265 1749 ex·

136 1793 231 1877 pedit
247 1792 490 1878 significamus,
514 1793 600 1878 qnod
616 1795 738 1862 Paulus
759 1795 897 1879 jobagio
921 1794 1022 1860 castri
1045 1789 1267 1860 Musunieusis

138 1899 182 1966 de
199 1899 283 1966 villa
297 1901 411 1984 Durug·
426 1923 485 1987 pro
501 1923 538 1970 se
554 1909 586 1969 et
601 1903 761 1970 Ladizluo
778 1902 880 1969 fratre
899 1923 958 1970 suo
984 1899 1123 1968 adstans
1150 1905 1265 1966 eontra

138 2005 267 2074 Fanum
293 2008 456 2076 Abbatem
471 2009 661 2077 Monosterii
678 2009 793 2078 Sancti
811 2011 943 2076 Martini
967 2007 1185 2093 personaliter
1209 2006 1266 2074 ad·

1 2181 2 2186 ,
138 2122 285 2183 stantem
302 2125 413 2202 egerat
429 2137 539 2186 eoram
556 2119 650 2186 nobis
666 2117 902 2204 proponendo,
928 2118 1019 2202 quod
1049 2118 1135 2186 idem
1154 2114 1268 2182 Abbas

140 2225 182 2290 de
199 2230 290 2292 terra
306 2227 450 2310 ipsorum
461 2223 495 2292 in
506 2232 596 2292 terra
613 2227 727 2310 Durug
742 2245 858 2294 versus
874 2232 996 2292 terrem
1013 2223 1151 2292 Comitis
1166 2221 1269 2287 Marsi

1 2353 2 2360 ¹
140 2334 230 2398 intra
247 2320 352 2398 netas
370 2332 547 2398 eorundem
573 2332 793 2420 quadraginta
816 2332 932 2416 iugera
957 2339 1117 2398 terrarum
1142 2329 1268 2394 viribus

143 2441 213 2506 suis
230 2445 395 2524 oooupata
410 2446 527 2516 eontra
542 2442 744 2508 voluntatem
760 2461 869 2508 eorum
887 2441 1060 2525 detineret,
1077 2437 1206 2505 faoieus
1218 2435 1270 2520 Jo-

143 2548 309 2631 hagiones
326 2566 405 2614 suos
422 2566 518 2634 super
534 2550 649 2617 eadem
664 2549 820 2618 residere.
845 2549 1042 2615 Eoouuerso
1058 2553 1168 2613 autem
1184 2543 1271 2611 idern

142 2654 258 2722 Abbas
277 2657 457 2740 peripsum
474 2657 613 2723 Paulum
639 2657 702 2724 sibi
726 2659 857 2725 obieeta
884 2677 920 2724 se
946 2657 1067 2724 secisse
1093 2655 1270 2736 denegans,

144 2761 319 2830 obiecerat
335 2761 368 2826 in
386 2764 604 2846 eontrarium,
621 2765 708 2847 quod
725 2764 783 2830 illa
799 2763 1020 2848 quadraginta
1036 2765 1151 2844 iugera
1166 2767 1271 2828 terra·

144 2889 236 2953 rum,
262 2887 324 2950 que
339 2869 441 2954 ijdenn
457 2871 576 2937 Paulus
593 2878 625 2938 et
641 2873 819 2940 Ladirlaus
835 2873 969 2938 nomine
985 2891 1044 2938 sue
1062 2877 1150 2936 terre
1165 2865 1271 2950 requi-

146 2965 248 3060 runtj
267 2974 366 3041 fuerit
395 2983 483 3044 terra
509 2979 702 3046 Monasterii
731 2980 846 3046 Sancti
881 2979 1014 3046 Martini
1044 2977 1087 3044 ab
1127 2978 1274 3062 antiquo,

147 3093 182 3152 et
198 3085 288 3168 quod
304 3091 381 3150 ante
398 3087 574 3152 aduentum
590 3087 803 3154 Tartarorum
819 3094 943 3172 etpost
968 3105 1096 3173 semper
1121 3086 1275 3167 iobagio·

147 3211 206 3256 nes
223 3191 328 3275 ipsius
343 3192 536 3260 Monasterii
554 3195 666 3262 Sancti
682 3196 815 3262 Martini
825 3215 923 3280 super
933 3193 1048 3260 eadem
1061 3191 1275 3260 resedissent.

149 3297 243 3364 Vnde
258 3297 381 3364 auditis
397 3300 682 3384 propositionibus
698 3303 844 3388 paroium
862 3302 944 3388 ipsis
961 3301 1064 3368 Paulo
1076 3305 1108 3366 et
1118 3299 1275 3365 Ladislao

149 3425 251 3490 snper
267 3424 329 3472 sua
345 3407 579 3492 proposiciono
601 3407 789 3475 adiudicare
815 3408 1045 3493 probaoionenn
1071 3404 1274 3471 volebamus.

149 3512 217 3582 Sed
234 3511 324 3579 idem
339 3513 460 3580 Paulos
476 3517 618 3599 probare
634 3536 698 3582 non
715 3516 902 3602 assumpsit,
920 3514 980 3582 sed
997 3513 1090 3579 fratri
1107 3507 1153 3597 (i)
1170 3511 1275 3597 ipsius

150 3621 295 3687 Abbatis
312 3621 456 3688 etunius
473 3623 593 3690 nobilis
609 3623 651 3689 de
667 3626 782 3692 eadem
799 3624 969 3707 provintia
994 3620 1165 3687 commisit.
1182 3617 1276 3685 Vnde

149 3733 414 3817 decreueramos,
430 3733 519 3815 quod
534 3733 622 3798 idem
633 3732 746 3800 Abbas
757 3739 790 3798 et
800 3733 918 3802 Gonnos
935 3730 1119 3800 Conraldus
1136 3727 1177 3796 de
1188 3725 1276 3810 Gug,

148 3856 245 3922 quem
255 3837 345 3906 idem
355 3841 469 3906 Abbus
486 3845 671 3924 spontanee
681 3839 849 3907 voluntate
860 3838 1042 3907 nominauit
1052 3843 1084 3902 et
1095 3834 1275 3922 assumpsit

150 3947 185 4012 in
196 3945 364 4030 quindena
372 3944 565 4014 Natiuitatis
575 3951 676 4013 Beate
683 3948 826 4032 Virginis
836 3965 947 4012 eoram
954 3943 1106 4032 capitulo
1113 3941 1277 4011 Jouriensi

153 4062 270 4121 eontra
285 4055 426 4122 Paulum
443 4061 476 4121 et
493 4053 685 4122 Ledislauru
702 4057 879 4142 predictos,
897 4055 1044 4121 iurarent
1060 4071 1160 4138 super
1176 4070 1216 4118 eo
1231 4051 1278 4119 vi·

151 4160 292 4244 delitet,
317 4162 403 4247 quod
421 4163 482 4230 iilo
507 4161 728 4247 quadraginta
744 4163 863 4248 iugera
885 4170 1063 4246 terrarum,
1092 4179 1154 4245 que
1171 4161 1278 4244 requi·

150 4276 265 4336 runtur
279 4289 340 4355 per
355 4270 525 4356 predictos
536 4319 546 4355 ,
573 4267 672 4336 fuerit
696 4276 785 4338 terra
812 4269 1006 4337 Monosterii
1031 4287 1161 4355 semper
1187 4276 1220 4336 et
1236 4267 1279 4335 ab

151 4378 288 4464 antiquo
312 4399 372 4466 per
387 4381 493 4464 ipsam
519 4378 703 4446 Euolesiam
726 4397 894 4464 possessa.
918 4377 1067 4448 Tandem
1093 4379 1125 4444 in
1152 4375 1279 4445 oetaeis

152 4487 267 4556 Sancti
282 4489 416 4558 Martim
431 4487 602 4574 prediatus
618 4488 733 4556 Abbas
757 4507 869 4556 eoram
894 4488 989 4554 nobis
1013 4486 1209 4554 eonstitutus
1225 4503 1279 4552 ex·

150 4589 259 4666 hibuit
273 4599 405 4667 litteras
420 4597 567 4681 capituli
583 4595 769 4666 Jaurieusis
784 4595 844 4664 hoo
862 4595 965 4664 verba
981 4595 1204 4708 oontiueutoe:
