3270 5280
368 1307 567 1399 spasiano,
597 1310 730 1376 otmunt·
753 1313 785 1376 o
802 1311 924 1397 popae·
948 1271 1117 1398 poponus
1141 1307 1311 1392 meteone,
1345 1306 1519 1372 mesmes

369 1419 494 1485 matur
509 1419 578 1484 cuch
593 1411 714 1504 tibdlpt
723 1467 732 1502 ,
760 1415 803 1481 ba
826 1440 848 1480 a
870 1416 930 1484 IV.
950 1418 1032 1484 Belo
1049 1440 1182 1505 mappae·
1206 1415 1390 1504 lcirdlylyal
1406 1414 1518 1478 kuwet

413 1525 582 1614 tttnstpet
598 1544 666 1612 πως
680 1545 749 1589 nun
763 1524 974 1610 testandam,
989 1523 1193 1590 kilcdzdtitcui
1201 1521 1334 1612 fopjdk.
1361 1522 1468 1586 1361.

475 1720 545 1790 Nos
562 1720 600 1788 0.
627 1719 863 1805 Patavicnsis,
889 1722 925 1787 B.
952 1720 1180 1788 olomucensis
1197 1727 1229 1786 et
1245 1718 1433 1802 Pregensis
1451 1716 1521 1784 Dei

370 1830 486 1916 gradc
501 1828 726 1896 Ecclesiarum
743 1829 912 1915 Episcopi,
929 1829 1080 1896 omnibus
1101 1829 1310 1914 presencium
1336 1827 1518 1910 inspecto-

365 1938 457 2004 ribus
475 1938 702 2019 declaremus3
729 1955 789 2003 uus
814 1936 1010 2021 promisisse
1037 1943 1071 2002 et
1095 1937 1289 2020 promittere
1314 1935 1408 1999 bona
1430 1930 1516 2014 fide,

366 2044 458 2130 quod
479 2045 647 2111 dominum
672 2052 823 2109 nostrum
837 2094 844 2128 ,
873 2045 1048 2112 Dominum
1066 2045 1173 2127 Regni
1198 2043 1355 2126 Boemie,
1384 2042 1519 2106 Ducem

366 2154 502 2219 Austric
537 2157 570 2216 et
602 2150 735 2234 styrie,
768 2150 994 2218 Marchionem
1020 2151 1166 2218 Morsvie
1191 2149 1234 2216 sd
1260 2146 1520 2217 observandum

370 2261 482 2328 omnia
500 2260 559 2324 ille
576 2263 610 2321 et
625 2255 775 2340 singula,
804 2274 868 2338 que
893 2256 926 2322 in
953 2259 1196 2339 instrumentis,
1223 2257 1312 2322 inter
1338 2254 1518 2321 domiuum

369 2373 517 2432 nostrum
533 2362 738 2430 antedictum
756 2370 790 2428 et
806 2363 971 2429 domiuum
988 2363 1112 2448 Regem
1122 2365 1270 2448 Vugaric
1287 2369 1321 2428 ct
1337 2361 1516 2446 Reginam

370 2491 413 2538 nc
429 2473 570 2556 ipsorum
587 2467 692 2550 tilios,
710 2468 935 2535 mediantibus
951 2469 1106 2553 religioso
1126 2469 1194 2536 viro
1210 2469 1317 2536 fratre
1334 2465 1520 2534 Ludovico

367 2576 523 2646 dedomo
540 2575 733 2656 Temenion,
751 2574 1199 2642 commendatoredomorum
1209 2595 1269 2661 per
1280 2575 1471 2656 Boemicm,
1485 2581 1522 2639 et
1608 2625 1614 2635 .

367 2683 534 2751 nobilibus
564 2681 645 2748 viris
674 2681 799 2748 Jacobs
831 2681 988 2766 Pragenei
1017 2683 1213 2764 Pnrcrauio,
1244 2690 1278 2748 et
1317 2680 1510 2751 Wolrlrone

367 2790 551 2857 Merscnloo
566 2787 670 2870 Regni
686 2788 819 2854 Boemie
835 2787 993 2856 coniectis
1009 2789 1225 2872 continentur,
1246 2792 1338 2858 omni
1369 2789 1521 2869 diligen.

368 2900 423 2963 cie
438 2895 638 2962 inducemus.
664 2894 700 2961 Si
716 2913 794 2960 vero
810 2894 1083 2980 composicionem
1099 2897 1284 2981 predictam
1312 2915 1374 2981 per
1400 2897 1518 2962 domi·

367 3023 445 3070 num
460 3009 605 3068 nostrum
624 3002 678 3067 vel
703 3019 781 3068 suos
807 3001 979 3086 contigerit
1010 3002 1150 3088 uiolari,
1176 3011 1209 3070 et
1233 3004 1326 3072 idem
1356 3005 1521 3071 domiuus

367 3114 481 3178 noster
495 3106 673 3189 requisitus
690 3125 753 3172 non
776 3108 967 3173 emendaret
981 3106 1069 3174 inire
1083 3109 1232 3176 lili-tuor
1249 3111 1417 3177 mensium
1436 3129 1522 3196 spn-

365 3213 452 3281 cinm
467 3219 588 3279 extunc
603 3213 714 3297 ipsum
746 3213 1019 3282 denunciubimus
1047 3217 1409 3290 excommunicacionis
1438 3217 1521 3284 vin·

367 3321 442 3387 culo
458 3319 669 3400 innodatum,
686 3317 823 3401 quilibet
839 3323 983 3384 nostrum
998 3321 1033 3388 iu
1050 3320 1195 3408 Dyocesi
1212 3343 1285 3405 sun,
1307 3331 1420 3393 terras
1439 3325 1520 3392 eius

371 3424 602 3494 ecclesiastico
634 3423 848 3490 subiicientcs
873 3425 1059 3492 interdicto.
1090 3428 1132 3493 Et
1157 3427 1200 3493 nd
1227 3429 1290 3498 hoc
1316 3430 1520 3498 faciendum

365 3534 507 3617 quilibet
522 3538 667 3598 nostrum
683 3530 863 3598 iurauimus
873 3581 883 3616 ,
919 3537 953 3597 et
968 3549 1028 3616 per
1046 3536 1203 3601 virtutem
1220 3533 1355 3620 prestiti
1388 3557 1517 3606 secra·

362 3637 465 3706 menti
489 3655 549 3703 nos
574 3635 812 3722 obligamus,
839 3644 872 3703 et
896 3637 1078 3720 obligamus
1105 3641 1330 3724 presencium
1357 3645 1520 3713 testim'o·

365 3745 422 3813 nio
439 3745 625 3828 literarum,
641 3745 761 3827 quibvs
777 3743 887 3828 sigilla
904 3750 1017 3811 nostre
1036 3746 1189 3814 duximus
1205 3749 1450 3832 appendenda.
1469 3755 1519 3821 lut

362 3857 400 3920 vt
424 3851 588 3936 premissa
612 3851 724 3919 omnia
748 3869 842 3918 suum
880 3851 1067 3916 soreiantnr
1097 3850 1273 3939 effectum,
1299 3865 1517 3928 memoratus

363 3956 471 4040 Regni
484 3957 618 4024 Boemie
633 3957 804 4041 Dominus,
827 3953 902 4020 Dux
920 3955 1075 4041 Austryc,
1091 3965 1124 4025 ct
1149 3959 1272 4048 Styrie,
1288 3963 1516 4053 Merchioque

360 4063 529 4148 Moruuie,
562 4081 599 4131 se
630 4069 663 4129 et
694 4069 803 4132 terras
835 4077 913 4128 suns
945 4066 1054 4128 nostre
1088 4063 1312 4137 iurisdietioni
1348 4071 1514 4156 subiecit,

325 4236 326 4239 ,
361 4167 588 4236 renunciando
605 4167 789 4253 priuilegtis
805 4165 954 4232 omnibus
979 4187 1038 4252 pru
1058 4187 1118 4235 sun
1143 4190 1290 4255 persons
1314 4179 1372 4244 vel
1402 4183 1509 4250 terris

359 4275 430 4340 suis
446 4273 598 4340 omnibus
628 4273 752 4342 nSede
776 4271 971 4359 Apostolicn
1002 4273 1147 4360 indultis,
1165 4277 1355 4364 impetratis
1380 4290 1418 4352 et
1434 4288 1501 4356 im.

360 4378 541 4468 petrendis,
557 4399 658 4466 super
682 4401 722 4450 eo
747 4379 925 4468 videlicet,
950 4377 1036 4465 quud
1062 4400 1207 4469 persone
1232 4385 1342 4472 ipsius
1364 4411 1507 4462 excom·

363 4483 537 4566 monitori,
562 4487 616 4553 rel
630 4493 716 4558 terre
732 4509 791 4560 sue
806 4489 958 4560 interdici
983 4506 1048 4556 nou
1073 4497 1213 4576 possent
1237 4495 1370 4584 ubsque
1397 4502 1506 4576 Sedis
