3250 5268
455 1189 516 1258 IV.
532 1189 615 1256 Buta
629 1189 738 1277 kirtly
755 1191 864 1255 Ιείυάη
880 1189 935 1276 ifj.
952 1185 1129 1276 kirolylyal
1149 1186 1397 1254 odolamites.

474 1387 545 1458 Nos
561 1388 645 1454 Bela
661 1387 724 1454 Dei
741 1388 857 1472 mucia
871 1388 942 1454 Rex
957 1385 1106 1473 Ungarie
1117 1387 1351 1456 innotescimus
1364 1385 1495 1452 uniuer-

364 1495 413 1565 sis
429 1497 635 1581 presencium
652 1516 711 1579 per
727 1503 885 1579 tenorem,
902 1495 991 1577 quod
1006 1494 1209 1566 carissimum
1225 1501 1371 1560 nostrum
1388 1491 1493 1558 lilium

366 1603 587 1688 Stephanum,
613 1607 740 1670 Ducem
759 1605 1031 1685 Transilvanum,
1060 1603 1234 1669 Dominum
1262 1603 1494 1678 Cumanorum,

367 1713 552 1796 recepimus
569 1712 612 1778 ad
628 1715 759 1797 plenum
776 1713 991 1781 dileccionem
1003 1717 1148 1776 nostram
1165 1721 1336 1797 paternam
1353 1719 1387 1777 et
1401 1731 1495 1777 amu·

368 1837 434 1885 rem
452 1820 625 1902 sincerum,
644 1839 708 1902 quo
719 1825 815 1905 pater
826 1821 995 1888 consueuit
1006 1823 1162 1890 dilectum
1175 1819 1274 1885 lilium
1291 1819 1493 1906 amplexari.

367 1925 458 1994 Idem
474 1946 604 2012 quoque
619 1930 689 1996 Rex
706 1927 895 2012 Stephanus
912 1929 1008 1996 nobis
1030 1931 1180 2016 promisit
1196 1927 1355 1996 exhibere
1372 1927 1406 1994 in
1425 1947 1496 1995 om·

370 2035 467 2102 nibus
484 2037 705 2113 reuerenciam
724 2043 756 2104 et
772 2036 996 2103 obedienciam
1014 2036 1157 2104 filialem.
1175 2039 1289 2103 Preter
1305 2037 1365 2102 illa
1381 2036 1494 2119 igitur,

369 2163 433 2228 que
449 2145 598 2230 primitus
623 2145 706 2210 inter
732 2165 792 2212 nos
810 2152 843 2224 et
859 2145 963 2231 ipsum
986 2146 1085 2212 filium
1112 2150 1258 2212 nostrum
1284 2144 1496 2211 carissimum

369 2252 531 2338 ordinata,
548 2258 671 2320 statute
686 2273 746 2322 scu
762 2254 913 2322 stabilita
928 2261 1003 2320 sunt
1011 2304 1021 2338 ,
1048 2254 1340 2340 impresenciarum
1361 2250 1496 2317 ordina-

369 2379 441 2428 mus
466 2369 578 2428 mutuo
604 2381 766 2432 consensu
793 2371 826 2430 et
854 2365 1014 2429 communi
1038 2347 1229 2446 voluntate,
1264 2361 1352 2446 quod
1379 2379 1496 2428 omues

371 2485 470 2554 cause
486 2474 552 2536 turn
569 2469 682 2538 civiles
699 2491 796 2554 quam
822 2471 1017 2556 criminales,
1034 2489 1098 2554 quc
1113 2467 1264 2538 homines
1281 2471 1326 2539 ad
1342 2491 1402 2536 uos
1419 2488 1498 2554 spe·

370 2583 499 2644 ctantcs
515 2576 701 2646 hominibus
717 2579 819 2664 Regis
834 2577 1016 2664 Stephani,
1041 2579 1202 2646 carissimi
1218 2578 1275 2646 lilii
1293 2579 1405 2665 nostri,
1429 2598 1499 2644 mo·

371 2686 477 2752 verint
487 2735 495 2770 ,
521 2688 576 2753 rel
593 2687 742 2755 homines
759 2687 803 2754 ud
820 2689 924 2775 ipsum
942 2689 1067 2770 Regem
1082 2687 1286 2773 Stephanum
1303 2693 1499 2772 spectantes

371 2795 532 2863 mouerint
548 2801 662 2862 contra
681 2804 812 2864 nostros
822 2846 832 2880 ,
850 2795 1010 2882 nosipsi,
1027 2805 1062 2862 et
1077 2818 1143 2864 non
1160 2795 1218 2864 alii
1229 2797 1364 2881 judices
1391 2797 1500 2862 nostri

371 2909 429 2970 unt
453 2903 600 2970 Berones
625 2921 859 2988 cognoscemus
880 2911 913 2972 et
939 2904 1173 2991 iudicabimus,
1199 2906 1371 2973 assidente
1397 2905 1498 2972 uobis

371 3011 503 3078 Rarone
527 3009 676 3078 eiusdem
701 3012 802 3097 Regis
829 3011 1006 3097 Stephani,
1034 3012 1191 3096 quemad
1216 3013 1277 3079 hoc
1304 3012 1500 3097 spetialiter

372 3119 502 3186 duxerit
518 3119 748 3206 deputandum.
774 3118 931 3185 Similiter
946 3125 1054 3186 entem
1072 3121 1144 3186 Rex
1160 3119 1368 3206 Stephanus,
1397 3121 1500 3187 caris·
1567 3133 1571 3141 “

371 3227 473 3292 simus
489 3224 575 3292 filius
591 3233 721 3308 noster,
746 3247 858 3294 omnes
875 3245 996 3295 causas
1013 3233 1079 3294 tam
1097 3228 1285 3296 criminales
1301 3249 1401 3311 quum
1419 3229 1500 3296 civi-

371 3333 420 3399 les
438 3331 470 3398 in
486 3353 547 3402 sno
573 3333 733 3416 regimine
750 3343 975 3419 emergentes,
1001 3355 1064 3420 que
1080 3335 1133 3402 vel
1152 3336 1301 3403 homines
1328 3335 1499 3422 adipsum

372 3448 561 3529 spectantes
588 3443 746 3509 moverint
770 3451 886 3509 contra
910 3450 1056 3526 nostroe,
1088 3447 1141 3511 vel
1163 3464 1364 3512 econverso
1391 3444 1498 3510 nostri

372 3549 534 3617 moverint
551 3556 667 3616 contra
682 3569 768 3633 suos,
784 3550 857 3635 ipse
873 3551 960 3618 idem
979 3555 1049 3618 Rex
1065 3552 1254 3637 Stephanus
1269 3559 1448 3636 cognoscet
1466 3559 1500 3620 ct

333 3740 337 3748 Ι
373 3657 543 3740 iudicabit,
561 3665 594 3726 et
609 3679 674 3726 non
692 3657 748 3724 alii
761 3658 895 3742 judices
912 3657 1031 3726 sui'rel
1051 3659 1219 3746 Berones,
1245 3661 1416 3730 assidente
1434 3660 1501 3727 sibi

373 3771 483 3832 nostro
493 3765 623 3832 Barone
633 3765 675 3832 ad
685 3767 748 3832 hoc
759 3766 951 3851 specialiter
961 3765 1129 3853 deputato.
1141 3769 1214 3837 Hoc
1227 3789 1394 3854 expresso,
1406 3769 1499 3853 quod

372 3871 1498 3965 necuosmittemus,nccpredictusfiliusnosterRexStephanusmit-

372 3985 420 4046 tet
430 3988 667 4066 procuratores,
679 3983 732 4048 vel
744 3989 945 4068 promotores
956 4002 1014 4049 seu
1026 3986 1250 4070 propositores
1260 3986 1496 4072 proponenda-

372 4107 441 4152 rum
458 4089 511 4154 vel
528 4088 785 4156 exercendarum
812 4089 917 4154 litium
933 4088 985 4153 vel
1003 4109 1197 4176 causarum,
1216 4096 1276 4160 sed
1293 4094 1498 4179 principales

373 4213 513 4280 persone
530 4194 649 4261 lactum
660 4203 844 4283 proponant
860 4203 995 4263 etsuam
1011 4195 1179 4264 iusticiam
1192 4209 1447 4287 prosequantur,
1464 4213 1498 4270 et

374 4323 434 4369 nos
451 4310 484 4368 et
508 4302 594 4370 filius
611 4311 722 4370 noster
749 4303 941 4371 carissimus
962 4325 1082 4374 causas
1098 4311 1288 4392 propositas
1313 4311 1497 4377 secundum

373 4410 618 4502 racionabilem,
636 4420 668 4479 et
680 4413 896 4499 approbatam
906 4414 1013 4499 Regni
1029 4418 1131 4482 nostri
1144 4415 1412 4484 consuetudinem
1425 4418 1497 4487 iudi

377 4517 524 4586 cahimus
544 4528 577 4588 et
595 4523 846 4589 sentencialiter
863 4522 1063 4591 dirimemus.
1077 4525 1294 4594 Providentes
1306 4525 1410 4592 eciam
1422 4527 1497 4594 sub·

375 4624 531 4694 lectorum
542 4635 720 4696 nostrorum
733 4631 923 4716 commodis,
936 4633 1121 4718 statuimus,
1131 4641 1167 4704 ut
1182 4655 1294 4705 omncs
1306 4656 1407 4704 cause
1424 4638 1502 4706 hinc
