<?xml version="1.0" encoding="UTF-8"?>
<!DOCTYPE html PUBLIC "-//W3C//DTD XHTML 1.0 Transitional//EN"
    "http://www.w3.org/TR/xhtml1/DTD/xhtml1-transitional.dtd">
<html xmlns="http://www.w3.org/1999/xhtml" xml:lang="en" lang="en">
 <head>
  <title>
</title>
<meta http-equiv="Content-Type" content="text/html;charset=utf-8" />
  <meta name='ocr-system' content='tesseract 3.04.00' />
  <meta name='ocr-capabilities' content='ocr_page ocr_carea ocr_par ocr_line ocrx_word'/>
</head>
<body>
  <div class='ocr_page' id='page_1' title='image "./codexdiplomatic07wenzgoog_0169.png"; bbox 0 0 3250 5268; ppageno 0'>
   <div class='ocr_carea' id='block_1_1' title="bbox 592 353 748 458">
    <p class='ocr_par' dir='ltr' id='par_1_1' title="bbox 592 353 748 458">
     <span class='ocr_line' id='line_1_1' title="bbox 592 353 748 458; baseline 0 -34"><span class='ocrx_word' id='word_1_1' title='bbox 592 353 748 458; x_wconf 36' lang='grc' dir='ltr'><strong>*με*</strong></span> 
     </span>
    </p>
   </div>
   <div class='ocr_carea' id='block_1_2' title="bbox 88 549 1221 747">
    <p class='ocr_par' dir='ltr' id='par_1_2' title="bbox 88 549 1221 747">
     <span class='ocr_line' id='line_1_2' title="bbox 92 549 1221 636; baseline 0.004 -20"><span class='ocrx_word' id='word_1_2' title='bbox 92 551 302 636; x_wconf 84' lang='lat' dir='ltr'><strong>prouiderint</strong></span> <span class='ocrx_word' id='word_1_3' title='bbox 327 551 526 636; x_wconf 86' lang='lat' dir='ltr'><strong>eligendum.</strong></span> <span class='ocrx_word' id='word_1_4' title='bbox 551 552 629 620; x_wconf 86' lang='lat' dir='ltr'><strong>Paci</strong></span> <span class='ocrx_word' id='word_1_5' title='bbox 656 571 786 635; x_wconf 91' lang='lat' dir='ltr'><strong>quoqne</strong></span> <span class='ocrx_word' id='word_1_6' title='bbox 812 559 845 619; x_wconf 90' lang='lat' dir='ltr'><strong>et</strong></span> <span class='ocrx_word' id='word_1_7' title='bbox 861 549 1088 634; x_wconf 68' lang='lat' dir='ltr'><strong>tranquillitati</strong></span> <span class='ocrx_word' id='word_1_8' title='bbox 1112 555 1221 620; x_wconf 86' lang='lat' dir='ltr'><strong>uestro</strong></span> 
     </span>
     <span class='ocr_line' id='line_1_3' title="bbox 88 657 1220 747; baseline 0 -21"><span class='ocrx_word' id='word_1_9' title='bbox 88 667 235 746; x_wconf 87' lang='lat' dir='ltr'><strong>paterna</strong></span> <span class='ocrx_word' id='word_1_10' title='bbox 252 659 467 746; x_wconf 81' lang='lat' dir='ltr'><strong>imposterum</strong></span> <span class='ocrx_word' id='word_1_11' title='bbox 494 657 714 728; x_wconf 86' lang='lat' dir='ltr'><strong>sollicitudine</strong></span> <span class='ocrx_word' id='word_1_12' title='bbox 729 659 903 747; x_wconf 83' lang='lat' dir='ltr'><strong>prouidere</strong></span> <span class='ocrx_word' id='word_1_13' title='bbox 927 659 1088 736; x_wconf 85' lang='lat' dir='ltr'><strong>uolentes,</strong></span> <span class='ocrx_word' id='word_1_14' title='bbox 1105 665 1220 726; x_wconf 89' lang='lat' dir='ltr'><strong>aucto·</strong></span> 
     </span>
    </p>
   </div>
   <div class='ocr_carea' id='block_1_3' title="bbox 12 767 1220 961">
    <p class='ocr_par' dir='ltr' id='par_1_3' title="bbox 12 767 1220 986">
     <span class='ocr_line' id='line_1_4' title="bbox 12 767 1220 858; baseline -0.011 -23"><span class='ocrx_word' id='word_1_15' title='bbox 12 801 14 858; x_wconf 75' lang='lat' dir='ltr'><strong>l</strong></span> <span class='ocrx_word' id='word_1_16' title='bbox 89 768 188 835; x_wconf 78' lang='lat' dir='ltr'><strong>ritate</strong></span> <span class='ocrx_word' id='word_1_17' title='bbox 206 767 407 852; x_wconf 84' lang='lat' dir='ltr'><strong>Apostolica</strong></span> <span class='ocrx_word' id='word_1_18' title='bbox 422 768 645 854; x_wconf 86' lang='lat' dir='ltr'><strong>probibemus,</strong></span> <span class='ocrx_word' id='word_1_19' title='bbox 663 773 698 833; x_wconf 89' lang='lat' dir='ltr'><strong>ut</strong></span> <span class='ocrx_word' id='word_1_20' title='bbox 714 767 799 834; x_wconf 82' lang='lat' dir='ltr'><strong>infra</strong></span> <span class='ocrx_word' id='word_1_21' title='bbox 811 767 983 834; x_wconf 87' lang='lat' dir='ltr'><strong>clausuras</strong></span> <span class='ocrx_word' id='word_1_22' title='bbox 1002 767 1146 834; x_wconf 82' lang='lat' dir='ltr'><strong>locorum</strong></span> <span class='ocrx_word' id='word_1_23' title='bbox 1161 783 1220 832; x_wconf 73' lang='lat' dir='ltr'><strong>seu</strong></span> 
     </span>
     <span class='ocr_line' id='line_1_5' title="bbox 12 871 1219 961; baseline -0.006 -16"><span class='ocrx_word' id='word_1_24' title='bbox 12 879 14 944; x_wconf 42' lang='grc' dir='ltr'><strong><em>ᾧ</em></strong></span> <span class='ocrx_word' id='word_1_25' title='bbox 88 877 308 960; x_wconf 71' lang='lat' dir='ltr'><strong>grangiarum</strong></span> <span class='ocrx_word' id='word_1_26' title='bbox 344 883 526 942; x_wconf 90' lang='lat' dir='ltr'><strong>uestrarum</strong></span> <span class='ocrx_word' id='word_1_27' title='bbox 551 875 662 942; x_wconf 88' lang='lat' dir='ltr'><strong>nullus</strong></span> <span class='ocrx_word' id='word_1_28' title='bbox 686 875 837 961; x_wconf 80' lang='lat' dir='ltr'><strong>rapinam</strong></span> <span class='ocrx_word' id='word_1_29' title='bbox 868 889 927 938; x_wconf 86' lang='lat' dir='ltr'><strong>sen</strong></span> <span class='ocrx_word' id='word_1_30' title='bbox 952 871 1072 941; x_wconf 80' lang='lat' dir='ltr'><strong>lurtum</strong></span> <span class='ocrx_word' id='word_1_31' title='bbox 1097 873 1219 959; x_wconf 82' lang='lat' dir='ltr'><strong>facere,</strong></span> 
     </span>
    </p>
   </div>
   <div class='ocr_carea' id='block_1_4' title="bbox 85 979 1220 1823">
    <p class='ocr_par' dir='ltr' id='par_1_4' title="bbox 85 979 1220 1823">
     <span class='ocr_line' id='line_1_6' title="bbox 87 979 1220 1069; baseline 0.001 -20"><span class='ocrx_word' id='word_1_32' title='bbox 87 986 201 1066; x_wconf 84' lang='lat' dir='ltr'><strong>ignem</strong></span> <span class='ocrx_word' id='word_1_33' title='bbox 220 1001 411 1069; x_wconf 88' lang='lat' dir='ltr'><strong>apponere,</strong></span> <span class='ocrx_word' id='word_1_34' title='bbox 437 981 631 1066; x_wconf 86' lang='lat' dir='ltr'><strong>sanguinem</strong></span> <span class='ocrx_word' id='word_1_35' title='bbox 648 981 807 1064; x_wconf 84' lang='lat' dir='ltr'><strong>sundere,</strong></span> <span class='ocrx_word' id='word_1_36' title='bbox 825 979 989 1048; x_wconf 90' lang='lat' dir='ltr'><strong>hominem</strong></span> <span class='ocrx_word' id='word_1_37' title='bbox 1005 981 1151 1048; x_wconf 87' lang='lat' dir='ltr'><strong>themere</strong></span> <span class='ocrx_word' id='word_1_38' title='bbox 1167 1001 1220 1050; x_wconf 79' lang='lat' dir='ltr'><strong>oa</strong></span> 
     </span>
     <span class='ocr_line' id='line_1_7' title="bbox 85 1087 1220 1173; baseline 0 -17"><span class='ocrx_word' id='word_1_39' title='bbox 85 1110 163 1173; x_wconf 90' lang='lat' dir='ltr'><strong>pere</strong></span> <span class='ocrx_word' id='word_1_40' title='bbox 182 1091 242 1158; x_wconf 84' lang='lat' dir='ltr'><strong>vel</strong></span> <span class='ocrx_word' id='word_1_41' title='bbox 257 1091 449 1173; x_wconf 85' lang='lat' dir='ltr'><strong>interlicere,</strong></span> <span class='ocrx_word' id='word_1_42' title='bbox 467 1109 525 1156; x_wconf 88' lang='lat' dir='ltr'><strong>seu</strong></span> <span class='ocrx_word' id='word_1_43' title='bbox 540 1090 730 1156; x_wconf 75' lang='lat' dir='ltr'><strong>violentiam</strong></span> <span class='ocrx_word' id='word_1_44' title='bbox 743 1087 866 1155; x_wconf 84' lang='lat' dir='ltr'><strong>audeat</strong></span> <span class='ocrx_word' id='word_1_45' title='bbox 881 1107 1044 1157; x_wconf 84' lang='lat' dir='ltr'><strong>exeruere.</strong></span> <span class='ocrx_word' id='word_1_46' title='bbox 1062 1091 1220 1156; x_wconf 87' lang='lat' dir='ltr'><strong>Preterea</strong></span> 
     </span>
     <span class='ocr_line' id='line_1_8' title="bbox 86 1195 1219 1281; baseline 0.002 -19"><span class='ocrx_word' id='word_1_47' title='bbox 86 1215 205 1263; x_wconf 87' lang='lat' dir='ltr'><strong>omnes</strong></span> <span class='ocrx_word' id='word_1_48' title='bbox 235 1197 407 1264; x_wconf 79' lang='lat' dir='ltr'><strong>libertates</strong></span> <span class='ocrx_word' id='word_1_49' title='bbox 433 1205 466 1262; x_wconf 89' lang='lat' dir='ltr'><strong>et</strong></span> <span class='ocrx_word' id='word_1_50' title='bbox 492 1197 718 1263; x_wconf 87' lang='lat' dir='ltr'><strong>immunitates</strong></span> <span class='ocrx_word' id='word_1_51' title='bbox 744 1195 1074 1281; x_wconf 85' lang='lat' dir='ltr'><strong>aprcdecessoribus</strong></span> <span class='ocrx_word' id='word_1_52' title='bbox 1098 1197 1219 1264; x_wconf 90' lang='lat' dir='ltr'><strong>nostris</strong></span> 
     </span>
     <span class='ocr_line' id='line_1_9' title="bbox 86 1301 1218 1387; baseline -0.002 -17"><span class='ocrx_word' id='word_1_53' title='bbox 86 1302 252 1370; x_wconf 85' lang='lat' dir='ltr'><strong>Romanis</strong></span> <span class='ocrx_word' id='word_1_54' title='bbox 267 1301 479 1370; x_wconf 88' lang='lat' dir='ltr'><strong>Pontificibus</strong></span> <span class='ocrx_word' id='word_1_55' title='bbox 498 1305 702 1372; x_wconf 85' lang='lat' dir='ltr'><strong>Monasterio</strong></span> <span class='ocrx_word' id='word_1_56' title='bbox 719 1311 830 1370; x_wconf 84' lang='lat' dir='ltr'><strong>restro</strong></span> <span class='ocrx_word' id='word_1_57' title='bbox 857 1322 1032 1371; x_wconf 87' lang='lat' dir='ltr'><strong>concessas</strong></span> <span class='ocrx_word' id='word_1_58' title='bbox 1042 1353 1052 1387; x_wconf 91' lang='lat'><strong>,</strong></span> <span class='ocrx_word' id='word_1_59' title='bbox 1077 1321 1218 1374; x_wconf 90' lang='lat' dir='ltr'><strong>necnon</strong></span> 
     </span>
     <span class='ocr_line' id='line_1_10' title="bbox 87 1409 1218 1496; baseline 0.004 -21"><span class='ocrx_word' id='word_1_60' title='bbox 87 1409 269 1477; x_wconf 84' lang='lat' dir='ltr'><strong>libertates</strong></span> <span class='ocrx_word' id='word_1_61' title='bbox 286 1417 321 1476; x_wconf 90' lang='lat' dir='ltr'><strong>et</strong></span> <span class='ocrx_word' id='word_1_62' title='bbox 337 1410 568 1496; x_wconf 80' lang='lat' dir='ltr'><strong>exempoiones</strong></span> <span class='ocrx_word' id='word_1_63' title='bbox 594 1409 790 1478; x_wconf 75' lang='lat' dir='ltr'><strong>secularium</strong></span> <span class='ocrx_word' id='word_1_64' title='bbox 807 1411 1012 1478; x_wconf 80' lang='lat' dir='ltr'><strong>exactionum</strong></span> <span class='ocrx_word' id='word_1_65' title='bbox 1033 1429 1053 1474; x_wconf 91' lang='lat' dir='ltr'><strong>a</strong></span> <span class='ocrx_word' id='word_1_66' title='bbox 1069 1411 1218 1494; x_wconf 86' lang='lat' dir='ltr'><strong>Regibus</strong></span> 
     </span>
     <span class='ocr_line' id='line_1_11' title="bbox 88 1517 1218 1605; baseline 0.004 -23"><span class='ocrx_word' id='word_1_67' title='bbox 88 1525 121 1584; x_wconf 85' lang='lat' dir='ltr'><strong>et</strong></span> <span class='ocrx_word' id='word_1_68' title='bbox 135 1517 351 1605; x_wconf 87' lang='lat' dir='ltr'><strong>Principibus</strong></span> <span class='ocrx_word' id='word_1_69' title='bbox 360 1519 416 1587; x_wconf 87' lang='lat' dir='ltr'><strong>vel</strong></span> <span class='ocrx_word' id='word_1_70' title='bbox 431 1519 507 1586; x_wconf 93' lang='lat' dir='ltr'><strong>aliis</strong></span> <span class='ocrx_word' id='word_1_71' title='bbox 517 1518 638 1588; x_wconf 84' lang='lat' dir='ltr'><strong>Obristi</strong></span> <span class='ocrx_word' id='word_1_72' title='bbox 648 1517 797 1585; x_wconf 88' lang='lat' dir='ltr'><strong>fidelibus</strong></span> <span class='ocrx_word' id='word_1_73' title='bbox 805 1519 1049 1588; x_wconf 88' lang='lat' dir='ltr'><strong>rationabiliter</strong></span> <span class='ocrx_word' id='word_1_74' title='bbox 1058 1519 1152 1586; x_wconf 86' lang='lat' dir='ltr'><strong>robis</strong></span> <span class='ocrx_word' id='word_1_75' title='bbox 1169 1519 1218 1586; x_wconf 92' lang='lat' dir='ltr'><strong>in·</strong></span> 
     </span>
     <span class='ocr_line' id='line_1_12' title="bbox 91 1625 1217 1714; baseline 0 -20"><span class='ocrx_word' id='word_1_76' title='bbox 91 1627 221 1710; x_wconf 74' lang='lat' dir='ltr'><strong>stultas,</strong></span> <span class='ocrx_word' id='word_1_77' title='bbox 230 1627 426 1711; x_wconf 82' lang='lat' dir='ltr'><strong>Apostolica</strong></span> <span class='ocrx_word' id='word_1_78' title='bbox 435 1627 632 1694; x_wconf 87' lang='lat' dir='ltr'><strong>auctoritate</strong></span> <span class='ocrx_word' id='word_1_79' title='bbox 648 1625 879 1694; x_wconf 89' lang='lat' dir='ltr'><strong>confirmamus</strong></span> <span class='ocrx_word' id='word_1_80' title='bbox 889 1634 923 1694; x_wconf 88' lang='lat' dir='ltr'><strong>et</strong></span> <span class='ocrx_word' id='word_1_81' title='bbox 931 1629 1095 1714; x_wconf 88' lang='lat' dir='ltr'><strong>presentis</strong></span> <span class='ocrx_word' id='word_1_82' title='bbox 1104 1627 1217 1714; x_wconf 84' lang='lat' dir='ltr'><strong>scripti</strong></span> 
     </span>
     <span class='ocr_line' id='line_1_13' title="bbox 92 1735 1217 1823; baseline 0 -23"><span class='ocrx_word' id='word_1_83' title='bbox 92 1736 274 1822; x_wconf 89' lang='lat' dir='ltr'><strong>priuilegio</strong></span> <span class='ocrx_word' id='word_1_84' title='bbox 288 1737 533 1804; x_wconf 90' lang='lat' dir='ltr'><strong>communimus.</strong></span> <span class='ocrx_word' id='word_1_85' title='bbox 561 1735 773 1804; x_wconf 79' lang='lat' dir='ltr'><strong>Decernimus</strong></span> <span class='ocrx_word' id='word_1_86' title='bbox 792 1756 890 1823; x_wconf 87' lang='lat' dir='ltr'><strong>ergo,</strong></span> <span class='ocrx_word' id='word_1_87' title='bbox 918 1744 954 1803; x_wconf 91' lang='lat' dir='ltr'><strong>nt</strong></span> <span class='ocrx_word' id='word_1_88' title='bbox 984 1737 1069 1803; x_wconf 91' lang='lat' dir='ltr'><strong>nulli</strong></span> <span class='ocrx_word' id='word_1_89' title='bbox 1085 1737 1217 1804; x_wconf 82' lang='lat' dir='ltr'><strong>omuino</strong></span> 
     </span>
    </p>
   </div>
   <div class='ocr_carea' id='block_1_5' title="bbox 7 1842 1218 2362">
    <p class='ocr_par' dir='ltr' id='par_1_5' title="bbox 7 1842 1218 2362">
     <span class='ocr_line' id='line_1_14' title="bbox 9 1842 1218 1931; baseline 0.001 -24"><span class='ocrx_word' id='word_1_90' title='bbox 9 1889 10 1894; x_wconf 17' lang='grc' dir='ltr'>η</span> <span class='ocrx_word' id='word_1_91' title='bbox 88 1843 260 1910; x_wconf 91' lang='lat' dir='ltr'><strong>bominum</strong></span> <span class='ocrx_word' id='word_1_92' title='bbox 276 1843 378 1912; x_wconf 88' lang='lat' dir='ltr'><strong>liceat</strong></span> <span class='ocrx_word' id='word_1_93' title='bbox 388 1842 552 1931; x_wconf 87' lang='lat' dir='ltr'><strong>prelatum</strong></span> <span class='ocrx_word' id='word_1_94' title='bbox 568 1843 801 1912; x_wconf 87' lang='lat' dir='ltr'><strong>lllcnasterium</strong></span> <span class='ocrx_word' id='word_1_95' title='bbox 813 1851 936 1912; x_wconf 88' lang='lat' dir='ltr'><strong>temere</strong></span> <span class='ocrx_word' id='word_1_96' title='bbox 951 1844 1144 1930; x_wconf 89' lang='lat' dir='ltr'><strong>perturbare</strong></span> <span class='ocrx_word' id='word_1_97' title='bbox 1162 1849 1218 1910; x_wconf 90' lang='lat' dir='ltr'><strong>aut</strong></span> 
     </span>
     <span class='ocr_line' id='line_1_15' title="bbox 9 1951 1213 2037; baseline -0.002 -20"><span class='ocrx_word' id='word_1_98' title='bbox 9 1983 10 1988; x_wconf 12' lang='grc' dir='ltr'><strong>κ</strong></span> <span class='ocrx_word' id='word_1_99' title='bbox 87 1953 161 2018; x_wconf 88' lang='lat' dir='ltr'><strong>eius</strong></span> <span class='ocrx_word' id='word_1_100' title='bbox 178 1952 409 2037; x_wconf 88' lang='lat' dir='ltr'><strong>possessiones</strong></span> <span class='ocrx_word' id='word_1_101' title='bbox 435 1951 565 2019; x_wconf 84' lang='lat' dir='ltr'><strong>auterre</strong></span> <span class='ocrx_word' id='word_1_102' title='bbox 580 1952 635 2018; x_wconf 87' lang='lat' dir='ltr'><strong>vel</strong></span> <span class='ocrx_word' id='word_1_103' title='bbox 651 1951 782 2019; x_wconf 87' lang='lat' dir='ltr'><strong>ablatas</strong></span> <span class='ocrx_word' id='word_1_104' title='bbox 797 1953 957 2035; x_wconf 88' lang='lat' dir='ltr'><strong>retinere,</strong></span> <span class='ocrx_word' id='word_1_105' title='bbox 983 1951 1130 2018; x_wconf 88' lang='lat' dir='ltr'><strong>minuere</strong></span> <span class='ocrx_word' id='word_1_106' title='bbox 1156 1968 1213 2016; x_wconf 86' lang='lat' dir='ltr'><strong>seu</strong></span> 
     </span>
     <span class='ocr_line' id='line_1_16' title="bbox 8 2057 1216 2145; baseline -0.001 -21"><span class='ocrx_word' id='word_1_107' title='bbox 8 2123 9 2132; x_wconf 69' lang='grc'>,</span> <span class='ocrx_word' id='word_1_108' title='bbox 87 2061 295 2142; x_wconf 84' lang='lat' dir='ltr'><strong>quibuslibet</strong></span> <span class='ocrx_word' id='word_1_109' title='bbox 318 2060 549 2128; x_wconf 84' lang='lat' dir='ltr'><strong>vexationibus</strong></span> <span class='ocrx_word' id='word_1_110' title='bbox 574 2060 736 2145; x_wconf 86' lang='lat' dir='ltr'><strong>fatigare;</strong></span> <span class='ocrx_word' id='word_1_111' title='bbox 760 2061 821 2127; x_wconf 86' lang='lat' dir='ltr'><strong>sed</strong></span> <span class='ocrx_word' id='word_1_112' title='bbox 851 2057 962 2135; x_wconf 88' lang='lat' dir='ltr'><strong>omnia</strong></span> <span class='ocrx_word' id='word_1_113' title='bbox 987 2058 1115 2140; x_wconf 78' lang='lat' dir='ltr'><strong>integre</strong></span> <span class='ocrx_word' id='word_1_114' title='bbox 1140 2076 1216 2124; x_wconf 88' lang='lat' dir='ltr'><strong>cou-</strong></span> 
     </span>
     <span class='ocr_line' id='line_1_17' title="bbox 8 2165 1218 2254; baseline -0.002 -19"><span class='ocrx_word' id='word_1_115' title='bbox 8 2197 9 2208; x_wconf 48' lang='lat'>¹</span> <span class='ocrx_word' id='word_1_116' title='bbox 90 2177 270 2235; x_wconf 91' lang='lat' dir='ltr'><strong>seruentur</strong></span> <span class='ocrx_word' id='word_1_117' title='bbox 286 2187 407 2253; x_wconf 86' lang='lat' dir='ltr'><strong>eornm,</strong></span> <span class='ocrx_word' id='word_1_118' title='bbox 432 2187 491 2253; x_wconf 87' lang='lat' dir='ltr'><strong>pro</strong></span> <span class='ocrx_word' id='word_1_119' title='bbox 516 2187 652 2252; x_wconf 90' lang='lat' dir='ltr'><strong>quornm</strong></span> <span class='ocrx_word' id='word_1_120' title='bbox 671 2168 908 2254; x_wconf 88' lang='lat' dir='ltr'><strong>gubernatione</strong></span> <span class='ocrx_word' id='word_1_121' title='bbox 923 2174 956 2233; x_wconf 90' lang='lat' dir='ltr'><strong>et</strong></span> <span class='ocrx_word' id='word_1_122' title='bbox 980 2165 1218 2232; x_wconf 83' lang='lat' dir='ltr'><strong>sustentatione</strong></span> 
     </span>
     <span class='ocr_line' id='line_1_18' title="bbox 7 2274 1215 2362; baseline -0.007 -18"><span class='ocrx_word' id='word_1_123' title='bbox 7 2319 8 2344; x_wconf 62' lang='lat'>1</span> <span class='ocrx_word' id='word_1_124' title='bbox 91 2295 257 2344; x_wconf 86' lang='lat' dir='ltr'><strong>concessa</strong></span> <span class='ocrx_word' id='word_1_125' title='bbox 274 2283 348 2340; x_wconf 88' lang='lat' dir='ltr'><strong>sunt</strong></span> <span class='ocrx_word' id='word_1_126' title='bbox 362 2277 476 2343; x_wconf 78' lang='lat' dir='ltr'><strong>usibus</strong></span> <span class='ocrx_word' id='word_1_127' title='bbox 494 2277 624 2342; x_wconf 87' lang='lat' dir='ltr'><strong>omnino</strong></span> <span class='ocrx_word' id='word_1_128' title='bbox 640 2277 830 2362; x_wconf 87' lang='lat' dir='ltr'><strong>profutura,</strong></span> <span class='ocrx_word' id='word_1_129' title='bbox 847 2277 943 2344; x_wconf 86' lang='lat' dir='ltr'><strong>salua</strong></span> <span class='ocrx_word' id='word_1_130' title='bbox 958 2274 1055 2343; x_wconf 87' lang='lat' dir='ltr'><strong>Sedis</strong></span> <span class='ocrx_word' id='word_1_131' title='bbox 1075 2274 1215 2359; x_wconf 85' lang='lat' dir='ltr'><strong>Aposto·</strong></span> 
     </span>
    </p>
   </div>
   <div class='ocr_carea' id='block_1_6' title="bbox 87 2381 1216 4710">
    <p class='ocr_par' dir='ltr' id='par_1_6' title="bbox 87 2381 1216 3867">
     <span class='ocr_line' id='line_1_19' title="bbox 88 2381 1215 2470; baseline -0.001 -22"><span class='ocrx_word' id='word_1_132' title='bbox 88 2383 152 2449; x_wconf 89' lang='lat' dir='ltr'><strong>lice</strong></span> <span class='ocrx_word' id='word_1_133' title='bbox 169 2383 370 2450; x_wconf 83' lang='lat' dir='ltr'><strong>auctoritate</strong></span> <span class='ocrx_word' id='word_1_134' title='bbox 388 2391 420 2448; x_wconf 89' lang='lat' dir='ltr'><strong>et</strong></span> <span class='ocrx_word' id='word_1_135' title='bbox 444 2384 622 2452; x_wconf 87' lang='lat' dir='ltr'><strong>Diooesani</strong></span> <span class='ocrx_word' id='word_1_136' title='bbox 651 2384 806 2470; x_wconf 76' lang='lat' dir='ltr'><strong>Episcopi</strong></span> <span class='ocrx_word' id='word_1_137' title='bbox 831 2386 991 2451; x_wconf 85' lang='lat' dir='ltr'><strong>canonica</strong></span> <span class='ocrx_word' id='word_1_138' title='bbox 1016 2382 1153 2450; x_wconf 87' lang='lat' dir='ltr'><strong>institia.</strong></span> <span class='ocrx_word' id='word_1_139' title='bbox 1178 2381 1215 2449; x_wconf 84' lang='lat' dir='ltr'><strong>si</strong></span> 
     </span>
     <span class='ocr_line' id='line_1_20' title="bbox 89 2489 1215 2576; baseline -0.002 -19"><span class='ocrx_word' id='word_1_140' title='bbox 89 2509 154 2573; x_wconf 90' lang='lat' dir='ltr'><strong>que</strong></span> <span class='ocrx_word' id='word_1_141' title='bbox 172 2491 275 2574; x_wconf 84' lang='lat' dir='ltr'><strong>igitur</strong></span> <span class='ocrx_word' id='word_1_142' title='bbox 289 2491 323 2555; x_wconf 91' lang='lat' dir='ltr'><strong>in</strong></span> <span class='ocrx_word' id='word_1_143' title='bbox 339 2491 480 2555; x_wconf 85' lang='lat' dir='ltr'><strong>loturum</strong></span> <span class='ocrx_word' id='word_1_144' title='bbox 508 2491 735 2559; x_wconf 83' lang='lat' dir='ltr'><strong>ecclesiastica</strong></span> <span class='ocrx_word' id='word_1_145' title='bbox 751 2493 955 2559; x_wconf 78' lang='lat' dir='ltr'><strong>secularIsue</strong></span> <span class='ocrx_word' id='word_1_146' title='bbox 971 2509 1113 2576; x_wconf 85' lang='lat' dir='ltr'><strong>persona</strong></span> <span class='ocrx_word' id='word_1_147' title='bbox 1128 2489 1215 2555; x_wconf 84' lang='lat' dir='ltr'><strong>hano</strong></span> 
     </span>
     <span class='ocr_line' id='line_1_21' title="bbox 88 2598 1214 2684; baseline 0 -20"><span class='ocrx_word' id='word_1_148' title='bbox 88 2605 205 2665; x_wconf 90' lang='lat' dir='ltr'><strong>nostre</strong></span> <span class='ocrx_word' id='word_1_149' title='bbox 221 2598 463 2665; x_wconf 84' lang='lat' dir='ltr'><strong>constitutionis</strong></span> <span class='ocrx_word' id='word_1_150' title='bbox 489 2600 644 2684; x_wconf 87' lang='lat' dir='ltr'><strong>paginam</strong></span> <span class='ocrx_word' id='word_1_151' title='bbox 670 2599 780 2666; x_wconf 88' lang='lat' dir='ltr'><strong>sciens</strong></span> <span class='ocrx_word' id='word_1_152' title='bbox 797 2607 911 2666; x_wconf 84' lang='lat' dir='ltr'><strong>contra</strong></span> <span class='ocrx_word' id='word_1_153' title='bbox 927 2620 1000 2666; x_wconf 90' lang='lat' dir='ltr'><strong>eam</strong></span> <span class='ocrx_word' id='word_1_154' title='bbox 1018 2605 1141 2667; x_wconf 89' lang='lat' dir='ltr'><strong>temero</strong></span> <span class='ocrx_word' id='word_1_155' title='bbox 1158 2616 1214 2664; x_wconf 89' lang='lat' dir='ltr'><strong>ve·</strong></span> 
     </span>
     <span class='ocr_line' id='line_1_22' title="bbox 87 2707 1214 2790; baseline 0 -18"><span class='ocrx_word' id='word_1_156' title='bbox 87 2707 161 2772; x_wconf 89' lang='lat' dir='ltr'><strong>nire</strong></span> <span class='ocrx_word' id='word_1_157' title='bbox 179 2707 408 2790; x_wconf 88' lang='lat' dir='ltr'><strong>temptauerit,</strong></span> <span class='ocrx_word' id='word_1_158' title='bbox 436 2707 578 2772; x_wconf 88' lang='lat' dir='ltr'><strong>secundo</strong></span> <span class='ocrx_word' id='word_1_159' title='bbox 606 2707 745 2772; x_wconf 87' lang='lat' dir='ltr'><strong>tertioue</strong></span> <span class='ocrx_word' id='word_1_160' title='bbox 761 2707 976 2790; x_wconf 86' lang='lat' dir='ltr'><strong>commonita,</strong></span> <span class='ocrx_word' id='word_1_161' title='bbox 1002 2707 1066 2772; x_wconf 90' lang='lat' dir='ltr'><strong>nisi</strong></span> <span class='ocrx_word' id='word_1_162' title='bbox 1087 2711 1214 2772; x_wconf 88' lang='lat' dir='ltr'><strong>reatum</strong></span> 
     </span>
     <span class='ocr_line' id='line_1_23' title="bbox 88 2813 1216 2900; baseline 0.004 -24"><span class='ocrx_word' id='word_1_163' title='bbox 88 2831 185 2878; x_wconf 92' lang='lat' dir='ltr'><strong>suum</strong></span> <span class='ocrx_word' id='word_1_164' title='bbox 203 2832 352 2895; x_wconf 85' lang='lat' dir='ltr'><strong>congrua</strong></span> <span class='ocrx_word' id='word_1_165' title='bbox 369 2813 597 2880; x_wconf 82' lang='lat' dir='ltr'><strong>satisfactione</strong></span> <span class='ocrx_word' id='word_1_166' title='bbox 614 2815 804 2898; x_wconf 82' lang='lat' dir='ltr'><strong>correxerit,</strong></span> <span class='ocrx_word' id='word_1_167' title='bbox 829 2813 1002 2900; x_wconf 82' lang='lat' dir='ltr'><strong>potestatis</strong></span> <span class='ocrx_word' id='word_1_168' title='bbox 1019 2813 1216 2898; x_wconf 86' lang='lat' dir='ltr'><strong>honorisque</strong></span> 
     </span>
     <span class='ocr_line' id='line_1_24' title="bbox 87 2918 1215 3003; baseline -0.001 -17"><span class='ocrx_word' id='word_1_169' title='bbox 87 2921 140 2986; x_wconf 89' lang='lat' dir='ltr'><strong>sui</strong></span> <span class='ocrx_word' id='word_1_170' title='bbox 157 2927 273 2986; x_wconf 86' lang='lat' dir='ltr'><strong>careat</strong></span> <span class='ocrx_word' id='word_1_171' title='bbox 288 2918 457 3003; x_wconf 84' lang='lat' dir='ltr'><strong>dignitate,</strong></span> <span class='ocrx_word' id='word_1_172' title='bbox 487 2939 642 3003; x_wconf 84' lang='lat' dir='ltr'><strong>reamque</strong></span> <span class='ocrx_word' id='word_1_173' title='bbox 658 2941 695 2988; x_wconf 88' lang='lat' dir='ltr'><strong>se</strong></span> <span class='ocrx_word' id='word_1_174' title='bbox 720 2921 842 2988; x_wconf 89' lang='lat' dir='ltr'><strong>Diuino</strong></span> <span class='ocrx_word' id='word_1_175' title='bbox 863 2919 984 2988; x_wconf 89' lang='lat' dir='ltr'><strong>iudicio</strong></span> <span class='ocrx_word' id='word_1_176' title='bbox 1009 2922 1149 2989; x_wconf 85' lang='lat' dir='ltr'><strong>existere</strong></span> <span class='ocrx_word' id='word_1_177' title='bbox 1173 2918 1215 2986; x_wconf 85' lang='lat' dir='ltr'><strong>de</strong></span> 
     </span>
     <span class='ocr_line' id='line_1_25' title="bbox 88 3027 1214 3112; baseline 0.002 -20"><span class='ocrx_word' id='word_1_178' title='bbox 88 3032 282 3111; x_wconf 87' lang='lat' dir='ltr'><strong>perpetrata</strong></span> <span class='ocrx_word' id='word_1_179' title='bbox 297 3027 468 3110; x_wconf 87' lang='lat' dir='ltr'><strong>iniquitate</strong></span> <span class='ocrx_word' id='word_1_180' title='bbox 485 3035 676 3112; x_wconf 83' lang='lat' dir='ltr'><strong>cognoscat,</strong></span> <span class='ocrx_word' id='word_1_181' title='bbox 693 3035 726 3092; x_wconf 88' lang='lat' dir='ltr'><strong>et</strong></span> <span class='ocrx_word' id='word_1_182' title='bbox 740 3051 761 3094; x_wconf 88' lang='lat' dir='ltr'><strong>a</strong></span> <span class='ocrx_word' id='word_1_183' title='bbox 778 3028 1002 3094; x_wconf 87' lang='lat' dir='ltr'><strong>sacratissimo</strong></span> <span class='ocrx_word' id='word_1_184' title='bbox 1020 3027 1163 3112; x_wconf 80' lang='lat' dir='ltr'><strong>Corpore</strong></span> <span class='ocrx_word' id='word_1_185' title='bbox 1178 3035 1214 3094; x_wconf 86' lang='lat' dir='ltr'><strong>te</strong></span> 
     </span>
     <span class='ocr_line' id='line_1_26' title="bbox 88 3131 1214 3219; baseline -0.001 -17"><span class='ocrx_word' id='word_1_186' title='bbox 88 3133 260 3218; x_wconf 86' lang='lat' dir='ltr'><strong>Sanguine</strong></span> <span class='ocrx_word' id='word_1_187' title='bbox 278 3134 340 3199; x_wconf 89' lang='lat' dir='ltr'><strong>Dei</strong></span> <span class='ocrx_word' id='word_1_188' title='bbox 353 3131 506 3199; x_wconf 90' lang='lat' dir='ltr'><strong>ctDiuini</strong></span> <span class='ocrx_word' id='word_1_189' title='bbox 516 3134 743 3219; x_wconf 86' lang='lat' dir='ltr'><strong>Redemptoris</strong></span> <span class='ocrx_word' id='word_1_190' title='bbox 754 3134 857 3202; x_wconf 85' lang='lat' dir='ltr'><strong>nostri</strong></span> <span class='ocrx_word' id='word_1_191' title='bbox 873 3135 954 3204; x_wconf 85' lang='lat' dir='ltr'><strong>Jesn</strong></span> <span class='ocrx_word' id='word_1_192' title='bbox 970 3135 1089 3202; x_wconf 78' lang='lat' dir='ltr'><strong>Christi</strong></span> <span class='ocrx_word' id='word_1_193' title='bbox 1105 3135 1214 3201; x_wconf 90' lang='lat' dir='ltr'><strong>aliena</strong></span> 
     </span>
     <span class='ocr_line' id='line_1_27' title="bbox 87 3239 1215 3325; baseline 0 -19"><span class='ocrx_word' id='word_1_194' title='bbox 87 3239 157 3325; x_wconf 89' lang='lat' dir='ltr'><strong>liat,</strong></span> <span class='ocrx_word' id='word_1_195' title='bbox 183 3249 285 3324; x_wconf 88' lang='lat' dir='ltr'><strong>atque</strong></span> <span class='ocrx_word' id='word_1_196' title='bbox 310 3241 344 3306; x_wconf 93' lang='lat' dir='ltr'><strong>in</strong></span> <span class='ocrx_word' id='word_1_197' title='bbox 371 3249 519 3309; x_wconf 86' lang='lat' dir='ltr'><strong>extremo</strong></span> <span class='ocrx_word' id='word_1_198' title='bbox 545 3243 697 3308; x_wconf 83' lang='lat' dir='ltr'><strong>examine</strong></span> <span class='ocrx_word' id='word_1_199' title='bbox 722 3242 869 3309; x_wconf 87' lang='lat' dir='ltr'><strong>districte</strong></span> <span class='ocrx_word' id='word_1_200' title='bbox 895 3243 1066 3312; x_wconf 86' lang='lat' dir='ltr'><strong>subiaceat</strong></span> <span class='ocrx_word' id='word_1_201' title='bbox 1089 3243 1215 3311; x_wconf 89' lang='lat' dir='ltr'><strong>ultioni.</strong></span> 
     </span>
     <span class='ocr_line' id='line_1_28' title="bbox 89 3347 1215 3436; baseline 0 -22"><span class='ocrx_word' id='word_1_202' title='bbox 89 3347 224 3416; x_wconf 82' lang='lat' dir='ltr'><strong>Cunctis</strong></span> <span class='ocrx_word' id='word_1_203' title='bbox 241 3355 351 3416; x_wconf 85' lang='lat' dir='ltr'><strong>antem</strong></span> <span class='ocrx_word' id='word_1_204' title='bbox 368 3350 475 3416; x_wconf 85' lang='lat' dir='ltr'><strong>eidem</strong></span> <span class='ocrx_word' id='word_1_205' title='bbox 490 3350 564 3416; x_wconf 85' lang='lat' dir='ltr'><strong>loco</strong></span> <span class='ocrx_word' id='word_1_206' title='bbox 580 3369 640 3416; x_wconf 89' lang='lat' dir='ltr'><strong>sua</strong></span> <span class='ocrx_word' id='word_1_207' title='bbox 657 3351 729 3416; x_wconf 88' lang='lat' dir='ltr'><strong>iura</strong></span> <span class='ocrx_word' id='word_1_208' title='bbox 741 3350 923 3418; x_wconf 80' lang='lat' dir='ltr'><strong>seruatoris</strong></span> <span class='ocrx_word' id='word_1_209' title='bbox 939 3352 983 3418; x_wconf 89' lang='lat' dir='ltr'><strong>sit</strong></span> <span class='ocrx_word' id='word_1_210' title='bbox 1000 3370 1067 3436; x_wconf 85' lang='lat' dir='ltr'><strong>pax</strong></span> <span class='ocrx_word' id='word_1_211' title='bbox 1082 3351 1215 3418; x_wconf 89' lang='lat' dir='ltr'><strong>Domini</strong></span> 
     </span>
     <span class='ocr_line' id='line_1_29' title="bbox 89 3456 1216 3541; baseline 0.004 -22"><span class='ocrx_word' id='word_1_212' title='bbox 89 3459 193 3526; x_wconf 89' lang='lat' dir='ltr'><strong>nostri</strong></span> <span class='ocrx_word' id='word_1_213' title='bbox 211 3458 293 3524; x_wconf 85' lang='lat' dir='ltr'><strong>Jcsu</strong></span> <span class='ocrx_word' id='word_1_214' title='bbox 319 3456 459 3541; x_wconf 83' lang='lat' dir='ltr'><strong>Christi,</strong></span> <span class='ocrx_word' id='word_1_215' title='bbox 486 3464 646 3540; x_wconf 90' lang='lat' dir='ltr'><strong>quatenus</strong></span> <span class='ocrx_word' id='word_1_216' title='bbox 667 3463 699 3524; x_wconf 91' lang='lat' dir='ltr'><strong>et</strong></span> <span class='ocrx_word' id='word_1_217' title='bbox 727 3456 780 3523; x_wconf 91' lang='lat' dir='ltr'><strong>hio</strong></span> <span class='ocrx_word' id='word_1_218' title='bbox 803 3457 944 3524; x_wconf 82' lang='lat' dir='ltr'><strong>fructum</strong></span> <span class='ocrx_word' id='word_1_219' title='bbox 968 3459 1054 3526; x_wconf 90' lang='lat' dir='ltr'><strong>bone</strong></span> <span class='ocrx_word' id='word_1_220' title='bbox 1078 3458 1216 3523; x_wconf 89' lang='lat' dir='ltr'><strong>actionis</strong></span> 
     </span>
     <span class='ocr_line' id='line_1_30' title="bbox 87 3563 1216 3652; baseline -0.001 -21"><span class='ocrx_word' id='word_1_221' title='bbox 87 3567 279 3651; x_wconf 87' lang='lat' dir='ltr'><strong>percipiant</strong></span> <span class='ocrx_word' id='word_1_222' title='bbox 304 3573 337 3631; x_wconf 87' lang='lat' dir='ltr'><strong>et</strong></span> <span class='ocrx_word' id='word_1_223' title='bbox 353 3565 442 3650; x_wconf 88' lang='lat' dir='ltr'><strong>apud</strong></span> <span class='ocrx_word' id='word_1_224' title='bbox 468 3563 650 3632; x_wconf 85' lang='lat' dir='ltr'><strong>districtum</strong></span> <span class='ocrx_word' id='word_1_225' title='bbox 675 3565 816 3632; x_wconf 85' lang='lat' dir='ltr'><strong>iudicem</strong></span> <span class='ocrx_word' id='word_1_226' title='bbox 841 3566 969 3652; x_wconf 89' lang='lat' dir='ltr'><strong>premia</strong></span> <span class='ocrx_word' id='word_1_227' title='bbox 985 3573 1098 3650; x_wconf 84' lang='lat' dir='ltr'><strong>eterne</strong></span> <span class='ocrx_word' id='word_1_228' title='bbox 1122 3563 1216 3651; x_wconf 89' lang='lat' dir='ltr'><strong>pacis</strong></span> 
     </span>
     <span class='ocr_line' id='line_1_31' title="bbox 87 3665 404 3740; baseline -0.016 0"><span class='ocrx_word' id='word_1_229' title='bbox 87 3665 270 3740; x_wconf 75' lang='lat' dir='ltr'><strong>inueniant.</strong></span> <span class='ocrx_word' id='word_1_230' title='bbox 287 3676 404 3740; x_wconf 81' lang='lat' dir='ltr'><strong>Amen.</strong></span> 
     </span>
     <span class='ocr_line' id='line_1_32' title="bbox 242 3775 1001 3867; baseline 0.001 -1"><span class='ocrx_word' id='word_1_231' title='bbox 242 3775 293 3866; x_wconf 69' lang='lat' dir='ltr'><strong>(R</strong></span> <span class='ocrx_word' id='word_1_232' title='bbox 318 3782 375 3865; x_wconf 70' lang='lat' dir='ltr'><strong>E)</strong></span> <span class='ocrx_word' id='word_1_233' title='bbox 774 3777 1001 3867; x_wconf 68' lang='lat' dir='ltr'><strong>(superjegy)</strong></span> 
     </span>
    </p>

    <p class='ocr_par' dir='ltr' id='par_1_7' title="bbox 305 3887 1145 3973">
     <span class='ocr_line' id='line_1_33' title="bbox 305 3887 1145 3973; baseline -0.001 -18"><span class='ocrx_word' id='word_1_234' title='bbox 305 3889 327 3968; x_wconf 96' lang='lat'>†</span> <span class='ocrx_word' id='word_1_235' title='bbox 342 3891 413 3972; x_wconf 89' lang='lat' dir='ltr'><strong>Ego</strong></span> <span class='ocrx_word' id='word_1_236' title='bbox 430 3888 582 3955; x_wconf 78' lang='lat' dir='ltr'><strong>Clemens</strong></span> <span class='ocrx_word' id='word_1_237' title='bbox 599 3887 766 3956; x_wconf 80' lang='lat' dir='ltr'><strong>(lutholice</strong></span> <span class='ocrx_word' id='word_1_238' title='bbox 783 3889 935 3957; x_wconf 83' lang='lat' dir='ltr'><strong>Ecclesia</strong></span> <span class='ocrx_word' id='word_1_239' title='bbox 949 3889 1145 3973; x_wconf 85' lang='lat' dir='ltr'><strong>Episcopus.</strong></span> 
     </span>
    </p>

    <p class='ocr_par' dir='ltr' id='par_1_8' title="bbox 305 3993 1044 4082">
     <span class='ocr_line' id='line_1_34' title="bbox 305 3993 1044 4082; baseline 0.004 -22"><span class='ocrx_word' id='word_1_240' title='bbox 305 3997 411 4078; x_wconf 84' lang='lat' dir='ltr'><strong>†Ego</strong></span> <span class='ocrx_word' id='word_1_241' title='bbox 428 3993 499 4063; x_wconf 91' lang='lat' dir='ltr'><strong>Odo</strong></span> <span class='ocrx_word' id='word_1_242' title='bbox 510 3993 557 4081; x_wconf 75' lang='lat' dir='ltr'><strong>(t)</strong></span> <span class='ocrx_word' id='word_1_243' title='bbox 573 3997 781 4064; x_wconf 78' lang='lat' dir='ltr'><strong>Tusculanus</strong></span> <span class='ocrx_word' id='word_1_244' title='bbox 799 3997 983 4082; x_wconf 89' lang='lat' dir='ltr'><strong>Episcopus</strong></span> <span class='ocrx_word' id='word_1_245' title='bbox 999 4015 1044 4063; x_wconf 88' lang='lat' dir='ltr'><strong>ss.</strong></span> 
     </span>
    </p>

    <p class='ocr_par' dir='ltr' id='par_1_9' title="bbox 305 4101 1113 4188">
     <span class='ocr_line' id='line_1_35' title="bbox 305 4101 1113 4188; baseline 0 -20"><span class='ocrx_word' id='word_1_246' title='bbox 305 4103 327 4181; x_wconf 86' lang='lat'>†</span> <span class='ocrx_word' id='word_1_247' title='bbox 342 4102 413 4185; x_wconf 85' lang='lat' dir='ltr'><strong>Ego</strong></span> <span class='ocrx_word' id='word_1_248' title='bbox 430 4101 620 4188; x_wconf 83' lang='lat' dir='ltr'><strong>Stephanus</strong></span> <span class='ocrx_word' id='word_1_249' title='bbox 636 4104 848 4172; x_wconf 89' lang='lat' dir='ltr'><strong>Prenestinus</strong></span> <span class='ocrx_word' id='word_1_250' title='bbox 866 4103 1052 4188; x_wconf 90' lang='lat' dir='ltr'><strong>Episcopus</strong></span> <span class='ocrx_word' id='word_1_251' title='bbox 1069 4121 1113 4170; x_wconf 90' lang='lat' dir='ltr'><strong>ss.</strong></span> 
     </span>
    </p>

    <p class='ocr_par' dir='ltr' id='par_1_10' title="bbox 305 4209 1213 4297">
     <span class='ocr_line' id='line_1_36' title="bbox 305 4209 1213 4297; baseline -0.003 -21"><span class='ocrx_word' id='word_1_252' title='bbox 305 4209 413 4292; x_wconf 87' lang='lat' dir='ltr'><strong>†Ego</strong></span> <span class='ocrx_word' id='word_1_253' title='bbox 429 4243 955 4262; x_wconf 55' lang='lat'><strong><em>---------</em></strong></span> <span class='ocrx_word' id='word_1_254' title='bbox 969 4210 1152 4297; x_wconf 88' lang='lat' dir='ltr'><strong>Episcopus</strong></span> <span class='ocrx_word' id='word_1_255' title='bbox 1167 4227 1213 4275; x_wconf 85' lang='lat' dir='ltr'><strong>ss.</strong></span> 
     </span>
    </p>

    <p class='ocr_par' dir='ltr' id='par_1_11' title="bbox 306 4315 1213 4400">
     <span class='ocr_line' id='line_1_37' title="bbox 306 4315 1213 4400; baseline 0.002 -16"><span class='ocrx_word' id='word_1_256' title='bbox 306 4315 327 4396; x_wconf 85' lang='lat'><strong>†</strong></span> <span class='ocrx_word' id='word_1_257' title='bbox 341 4315 412 4400; x_wconf 80' lang='lat' dir='ltr'><strong>Ego</strong></span> <span class='ocrx_word' id='word_1_258' title='bbox 433 4317 615 4386; x_wconf 82' lang='lat' dir='ltr'><strong>Ancharius</strong></span> <span class='ocrx_word' id='word_1_259' title='bbox 632 4345 1213 4368; x_wconf 75' lang='lat'>----------</span> 
     </span>
    </p>

    <p class='ocr_par' dir='ltr' id='par_1_12' title="bbox 307 4425 1211 4710">
     <span class='ocr_line' id='line_1_38' title="bbox 402 4425 829 4512; baseline -0.002 -20"><span class='ocrx_word' id='word_1_260' title='bbox 402 4425 566 4512; x_wconf 88' lang='lat' dir='ltr'><strong>presbiter</strong></span> <span class='ocrx_word' id='word_1_261' title='bbox 583 4425 768 4494; x_wconf 80' lang='lat' dir='ltr'><strong>Gurdinalis</strong></span> <span class='ocrx_word' id='word_1_262' title='bbox 784 4445 829 4493; x_wconf 89' lang='lat' dir='ltr'><strong>ss.</strong></span> 
     </span>
     <span class='ocr_line' id='line_1_39' title="bbox 307 4532 1211 4620; baseline -0.007 -16"><span class='ocrx_word' id='word_1_263' title='bbox 307 4533 413 4620; x_wconf 72' lang='lat' dir='ltr'><strong>iEgo</strong></span> <span class='ocrx_word' id='word_1_264' title='bbox 438 4535 607 4605; x_wconf 79' lang='lat' dir='ltr'><strong>Gilbertus</strong></span> <span class='ocrx_word' id='word_1_265' title='bbox 630 4543 666 4604; x_wconf 89' lang='lat' dir='ltr'><strong>tt.</strong></span> <span class='ocrx_word' id='word_1_266' title='bbox 683 4534 796 4602; x_wconf 84' lang='lat' dir='ltr'><strong>Sancti</strong></span> <span class='ocrx_word' id='word_1_267' title='bbox 822 4532 927 4598; x_wconf 78' lang='lat' dir='ltr'><strong>Marci</strong></span> <span class='ocrx_word' id='word_1_268' title='bbox 951 4532 1114 4617; x_wconf 88' lang='lat' dir='ltr'><strong>presbiter</strong></span> <span class='ocrx_word' id='word_1_269' title='bbox 1133 4533 1211 4600; x_wconf 77' lang='lat' dir='ltr'><strong>Gar·</strong></span> 
     </span>
     <span class='ocr_line' id='line_1_40' title="bbox 407 4641 594 4710; baseline 0 -4"><span class='ocrx_word' id='word_1_270' title='bbox 407 4641 529 4710; x_wconf 78' lang='lat' dir='ltr'><strong>elneus</strong></span> <span class='ocrx_word' id='word_1_271' title='bbox 550 4661 594 4710; x_wconf 82' lang='lat' dir='ltr'><strong>so.</strong></span> 
     </span>
    </p>
   </div>
   <div class='ocr_carea' id='block_1_7' title="bbox 0 0 1630 5268">
    <p class='ocr_par' dir='ltr' id='par_1_13' title="bbox 0 0 1630 5268">
     <span class='ocr_line' id='line_1_41' title="bbox 0 0 1630 5268; baseline 0 0"><span class='ocrx_word' id='word_1_272' title='bbox 0 0 1630 5268; x_wconf 95' lang='lat' dir='ltr'><strong> </strong></span> 
     </span>
    </p>
   </div>
  </div>
 </body>
</html>
