3230 5268
377 1189 512 1256 sorim
527 1185 630 1254 reddor
644 1190 676 1252 ds
690 1185 830 1274 somoppi
836 1182 973 1272 βιφάπ
997 1183 1223 1251 &rememora
1236 1207 1258 1249 o
1273 1181 1422 1272 sirum
1435 1201 1512 1248 nn·

378 1299 509 1364 idonci
524 1297 607 1364 clltal
623 1294 769 1384 elsoplalt
783 1291 1021 1383 Sacas-Gydrpy
1037 1303 1116 1361 nevil
1126 1291 1235 1382 fllldct
1249 1291 1379 1362 sunder
1394 1289 1427 1356 ss
1438 1287 1513 1355 Pas

376 1405 574 1478 malensis
584 1455 592 1488 ,
619 1403 728 1470 bilebes
753 1403 895 1491 brdksdpi
901 1407 1003 1491 jopen
1018 1413 1172 1492 turbescit,
1192 1401 1383 1488 cismodjo.
1400 1397 1510 1464 1268·

484 1622 683 1693 Laurenoius
706 1622 879 1690 Palatinus
896 1629 929 1692 et
953 1619 1071 1692 Comes
1096 1619 1312 1710 Symigieusis
1337 1617 1510 1685 minensis

377 1732 495 1804 Obristi
520 1729 674 1800 fidelibus
700 1730 905 1816 presencium
931 1727 1087 1798 noticiam
1111 1728 1274 1797 habituris
1299 1728 1444 1794 salntem
1475 1727 1511 1792 iu

375 1841 527 1910 Domino.
547 1840 600 1908 Ad
618 1839 839 1907 uniuersitatis
854 1847 964 1908 nestre
981 1839 1135 1906 noticiam
1152 1838 1300 1906 volumus
1316 1835 1508 1924 peruenire,

376 1948 464 2035 qnod
491 1969 563 2018 cum
589 1969 650 2018 nos
676 1947 826 2014 dominus
851 1954 963 2015 noster
988 1947 1130 2016 illustris
1150 1945 1232 2015 Bela
1248 1943 1511 2030 RexHungarie

376 2057 420 2125 ad
446 2057 654 2126 reuocandas
667 2064 783 2142 tterras
808 2075 849 2122 ac
872 2055 941 2124 alia
966 2056 1039 2124 iura
1055 2055 1212 2124 nobilium
1230 2073 1289 2141 per
1303 2051 1508 2122 uduornicos

378 2173 410 2231 et
425 2172 613 2232 castrenses
638 2165 779 2252 populos
795 2163 925 2234 domine
941 2165 1068 2250 Regino
1079 2184 1119 2230 ao
1129 2163 1215 2232 alios
1232 2160 1408 2230 cuiuslibet
1424 2178 1507 2228 oon-

378 2273 518 2342 dieiouis
534 2272 682 2341 homines
698 2281 869 2360 occupata,
881 2273 925 2340 ad
936 2271 1133 2342 comitatum
1144 2271 1385 2360 Symigiensem
1395 2278 1506 2338 trans·

377 2381 532 2466 misisset,
559 2391 592 2446 et
616 2381 759 2466 quinque
784 2380 931 2449 homines
955 2379 995 2448 dc
1020 2381 1183 2448 nobilibus
1200 2380 1303 2467 ipsius
1319 2378 1505 2448 Comitatus

376 2489 500 2558 eleetos
527 2507 586 2576 per
610 2508 725 2558 omnes
750 2487 880 2556 nobiles
906 2487 948 2554 de
975 2487 1090 2556 eodem
1108 2488 1287 2575 comitatu,
1318 2485 1508 2554 Johannem

378 2597 539 2668 Comitem
554 2596 679 2664 scilicet
693 2595 793 2664 filium
804 2595 897 2684 Ysip,
908 2596 1112 2696 Stephanum
1129 2595 1229 2664 filium
1247 2596 1362 2680 Deera,
1379 2593 1508 2680 Grego-

381 2707 463 2774 rinm
485 2704 587 2772 lilium
603 2701 770 2789 dubarus,
797 2704 948 2772 Cosmum
974 2703 1015 2773 dc
1042 2705 1199 2785 Kuaaua,
1226 2711 1261 2773 ot
1286 2702 1447 2772 Tbomam
1464 2704 1508 2769 ds

377 2813 504 2904 Vyslon
519 2813 614 2882 nobis
631 2814 664 2880 in
681 2813 788 2884 socios
805 2814 1009 2902 deputasset,
1034 2823 1068 2880 et
1083 2813 1187 2898 ijdem
1215 2814 1359 2900 quinque
1374 2809 1506 2880 nobiles
1601 2861 1605 2874 .

376 2923 458 3012 socij
476 2923 579 2992 nostri
595 2921 813 3006 iureiurando,
842 2927 929 2990 taam
946 2923 1066 2992 Sancto
1083 2929 1117 2990 et
1139 2921 1267 2992 viuilicc
1283 2921 1398 2990 Crucis
1413 2918 1506 3006 ligno

376 3031 518 3118 Domini,
534 3031 663 3102 domino
679 3031 764 3118 Regi
780 3031 1015 3117 promisissent,
1033 3031 1120 3116 qnod
1145 3053 1210 3100 non
1227 3029 1317 3100 aliud
1341 3029 1406 3096 nisi
1433 3029 1507 3094 iura

376 3137 532 3206 nobilium
549 3137 696 3206 indebito
720 3157 779 3226 per
810 3137 1071 3207 condicionarios
1097 3146 1257 3226 occupata
1283 3139 1505 3208 restituerenb

376 3253 410 3312 et
433 3246 536 3314 nciam
562 3245 759 3314 secundario
784 3245 878 3316 nobis
904 3248 1000 3314 taeda
1026 3247 1251 3316 sacrosanctis
1287 3246 1439 3334 reliqnijs
1467 3250 1506 3311 et

376 3355 549 3442 evangelio
566 3374 665 3442 supra
680 3352 766 3424 lilios
782 3355 920 3422 filiorum
947 3374 1080 3424 snorum
1107 3355 1272 3424 iurassent
1296 3355 1381 3424 illud
1405 3353 1506 3428 idem»

231 3497 237 3514 ι
377 3469 410 3530 ct
425 3469 561 3550 recepta
573 3462 634 3530 tali
650 3462 807 3532 cancione
822 3464 1100 3551 processissemus
1116 3462 1161 3530 ad
1171 3469 1362 3551 preceptum
1379 3462 1506 3532 domini

375 3570 476 3658 Regis
500 3570 741 3658 supradictum,
765 3570 955 3640 Alexander
983 3577 1015 3638 et
1042 3571 1166 3640 Paulus
1194 3571 1255 3657 filij
1281 3570 1446 3640 Dominici
1461 3569 1510 3652 de,

376 3677 503 3768 populis
520 3677 650 3748 domino
667 3680 793 3764 Regina
808 3679 849 3746 de
865 3680 947 3748 villa
970 3679 1171 3750 Marobodou
1186 3687 1307 3750 vocata
1331 3679 1500 3768 quandam
1595 3701 1599 3712 ·

376 3784 497 3854 terram
513 3805 605 3854 suam
622 3786 854 3865 hereditariam
870 3788 1023 3872 Sengnrg
1045 3796 1207 3875 uocatam,
1225 3789 1442 3860 subicientem
1458 3789 1504 3857 ad

376 3914 473 3965 unum
490 3902 634 3962 aratrum
652 3902 685 3964 et
698 3895 879 3980 dimidium,
899 3895 985 3964 siout
1002 3915 1063 3984 per
1087 3897 1192 3966 visum
1208 3897 1419 3968 considerare
1443 3917 1503 3984 po·

375 4002 495 4071 tuimus
518 4011 685 4089 receptam
709 4011 742 4071 et
767 3999 1136 4092 violentcr⁸ocoupatam
1162 4024 1237 4084 esse
1261 4005 1417 4074 dicebant
1442 4025 1500 4076 oo·

376 4128 446 4178 ram
459 4109 554 4177 nobis
569 4116 602 4176 et
617 4127 726 4177 coram
742 4108 969 4180 coniudicibns
995 4113 1117 4182 coenis
1132 4113 1501 4202 predecessorum

376 4217 600 4302 inquisicionis
616 4219 778 4305 petierunt
793 4214 857 4284 sibi
881 4217 989 4287 reddi.
1006 4221 1124 4288 Verum
1139 4239 1211 4289 cnm
1236 4241 1297 4291 nos
1322 4225 1368 4290 ad
1393 4225 1501 4309 ipsam

375 4325 623 4411 inquisicionem
638 4326 922 4413 processissemus,
940 4327 1095 4396 soluimus
1111 4332 1282 4415 ueraciter,
1295 4330 1417 4398 dictam
1434 4337 1499 4397 ter-

375 4449 446 4501 ram
462 4433 565 4504 fnisse
579 4435 620 4503 de
635 4435 705 4504 inre
719 4431 922 4504 hereditario
939 4437 1095 4504 nobilium
1112 4437 1350 4527 predictomm;
1370 4439 1415 4507 ad
1430 4457 1499 4506 ma·

376 4539 476 4609 iorem
492 4547 602 4610 tamen
617 4544 779 4612 cautelam
795 4545 885 4629 ipsos
900 4545 1125 4616 Alexandrum
1145 4553 1179 4614 et
1193 4547 1341 4632 Paulum,
1363 4545 1498 4618 trabem

377 4650 458 4735 eins,
483 4667 580 4737 snper
596 4649 741 4738 predicta
756 4659 843 4721 tersa
859 4653 1055 4721 constitutos
1072 4652 1114 4719 sd
1130 4671 1291 4739 personas
1308 4675 1387 4724 snas
1404 4665 1438 4723 et
1454 4657 1498 4725 ad
