3230 5268
879 337 1037 443 pre*

363 575 372 590 ι
399 537 591 624 speretium
608 537 660 606 bis
676 541 826 608 omnibus
843 541 975 607 interlui
992 547 1024 606 et
1044 545 1181 624 rogatus
1198 539 1240 604 nb
1253 544 1392 620 utraque
1417 541 1523 620 parte,

399 645 566 730 mendici,
583 649 700 732 scripsi
715 655 748 716 et
763 655 917 716 consueto
932 648 1027 732 signo
1039 649 1215 716 roborari.¹

526 805 650 875 (Hiteles
663 805 808 865 mdrolats
821 825 838 862 a
851 806 933 864 bdcsi
946 805 1074 864 csdsndri
1087 807 1177 862 titkos
1190 803 1395 874 lereltdrbsn.)

831 1037 910 1045 ——----
935 1037 966 1044 ..u
980 1039 985 1042 .

922 1472 994 1540 116.

397 1673 418 1738 1
423 1671 558 1739 Vestio
572 1669 765 1760 mepsrrpedr',
781 1668 862 1758 impp
878 1669 1013 1734 Pamtec
1029 1674 1060 1736 ds
1077 1671 1169 1736 Pcor
1184 1670 1367 1736 mcuobrzri
1380 1670 1521 1734 neurmk

395 1778 583 1868 Patosyburr
617 1777 686 1844 lectt
716 1778 966 1864 rdrsjcsadpolsat
1000 1780 1043 1843 18
1075 1781 1170 1866 pirdrr
1210 1777 1400 1844 elcdkosrctk
1432 1775 1519 1840 Jcrk

603 1885 726 1972 Irr'rdlps‘
740 1885 922 1952 tdrrsokock
940 1890 971 1952 ds
987 1888 1195 1954 tertcdres'rrck.
1207 1889 1304 1952 1268.

499 2083 590 2149 Buta
605 2083 668 2152 Dei
685 2086 800 2167 gracia
816 2081 982 2170 Hungarie
992 2137 1002 2170 ,
1019 2083 1211 2171 Dalmacic,
1228 2083 1386 2158 Croacie,
1402 2083 1517 2162 Rame,
1582 2096 1584 2104 ’

394 2191 517 2275 Seruio,
535 2189 683 2278 Gallicie,
702 2189 907 2277 Lodonrerie,
925 2193 1143 2276 Oumsnieque
1164 2195 1234 2260 Rex
1250 2193 1398 2258 omnibus
1425 2188 1519 2257 chri

392 2301 436 2368 sti
452 2297 603 2368 fidelibus
617 2307 686 2368 tam
702 2302 931 2390 presentibus,
946 2321 1043 2386 qnam
1060 2301 1187 2384 tuturis,
1205 2301 1323 2384 quibus
1340 2306 1515 2386 presentes

393 2406 626 2492 ostendentur,
652 2407 793 2476 salutern
820 2410 853 2476 in
880 2409 1030 2476 Domino.
1052 2407 1104 2476 Au
1119 2411 1342 2476 uniuersorum
1360 2405 1515 2476 noticiam

392 2523 505 2583 tenore
530 2517 736 2602 presencium
762 2517 907 2584 volumus
935 2519 1127 2604 peruenire,
1153 2515 1240 2602 quod
1257 2515 1455 2584 accedentes
1472 2513 1515 2579 ad

390 2631 537 2691 nostram
553 2622 758 2712 presenciam
774 2627 909 2693 Pamieu
920 2631 955 2693 et
970 2627 1096 2710 Petrus,
1115 2625 1171 2710 filij
1186 2625 1319 2710 Zeghen
1336 2623 1465 2692 nobiles
1475 2621 1515 2688 de

390 2731 587 2817 Obollolruz,
613 2735 745 2802 anobis
762 2721 948 2820 pecierunt,
974 2743 1008 2801 rt
1029 2733 1194 2819 quendam
1211 2731 1408 2819 particulam
1427 2739 1515 2797 terre

390 2857 502 2905 eornm
518 2839 727 2926 hereditarie,
745 2862 842 2926 quam
859 2841 1073 2910 subicientem
1092 2841 1164 2909 vsui
1180 2843 1275 2907 unius
1291 2839 1394 2906 aratri
1404 2845 1438 2906 et
1448 2841 1515 2906 cul-

389 2955 460 3013 ture
484 2945 605 3016 babent
630 2949 663 3014 in
688 2957 772 3017 terra
788 2951 903 3037 Potuu,
926 2949 1001 3034 quia
1016 2969 1075 3036 pro
1091 2970 1201 3018 eorum
1218 2949 1330 3034 iuopia
1345 2947 1514 3015 circumia-

389 3053 534 3122 cenciuur
546 3053 1514 3142 malicijsvicinornmsnorumnonvalentrcsistere,qniad

390 3163 511 3232 dictam
528 3175 649 3234 terram
666 3187 778 3234 eorum
795 3167 964 3234 maliciose
980 3169 1014 3234 in
1032 3188 1125 3234 sunm
1143 3189 1237 3234 vsum
1253 3165 1293 3234 de
1311 3187 1422 3234 eorum
1440 3185 1514 3252 pro-

387 3273 525 3356 prietate
541 3273 669 3360 penitus
688 3275 901 3342 vendicarunt
915 3275 1133 3361 prebentibus
1153 3275 1250 3344 nobis
1277 3273 1416 3360 neptum
1440 3294 1516 3342 ccu-

388 3399 532 3470 sensum,
550 3379 730 3449 venderent
748 3383 964 3470 emptoribus,
982 3383 1036 3466 qui
1052 3403 1124 3450 esur
1151 3391 1286 3469 possent
1310 3401 1514 3469 comparare.

387 3487 505 3555 Verum
522 3487 601 3574 quia
615 3492 689 3578 ipsa
704 3495 793 3560 terra
808 3491 947 3558 uicinior
965 3497 1036 3558 erat
1051 3490 1146 3559 terris
1163 3491 1247 3558 Jnrlr
1260 3491 1439 3558 'lauarnici
1456 3511 1513 3558 no-

385 3597 444 3664 stri
459 3604 491 3664 ct
507 3597 641 3664 fratrum
656 3617 797 3682 snorum,
814 3597 903 3665 Vdus
920 3599 1091 3684 videlicet,
1110 3597 1199 3666 Bene
1215 3606 1249 3664 et
1264 3597 1444 3674 Benedicti,
1457 3603 1512 3685 jc-

384 3705 561 3792 bsgionuru
582 3705 832 3776 uduornicorum
857 3715 1040 3778 nostrornm
1065 3707 1107 3774 de
1123 3707 1239 3794 Potcn,
1264 3709 1369 3796 ipsam
1386 3715 1506 3774 terram

384 3816 480 3884 ruins
505 3817 616 3901 arstri,
633 3817 666 3883 in
692 3837 757 3900 qua
784 3837 857 3886 csse
884 3815 1034 3885 dicuntur
1060 3827 1189 3884 centum
1210 3818 1324 3902 iugera
1340 3815 1511 3883 arabilium

382 3933 541 3992 terrarum
557 3931 665 4011 preter
681 3926 837 4012 leuatum,
856 3925 946 3994 dicto
970 3925 1052 3994 Jnrlr
1070 3934 1103 3992 et
1120 3927 1276 3992 iratribus
1301 3925 1370 3990 suis
1396 3941 1509 4008 preno.

382 4031 517 4100 minatis
533 4033 627 4099 nobis
651 4033 924 4119 permittentibus,
941 4033 1128 4100 volentibus
1154 4040 1188 4100 et
1214 4025 1497 4100 consencientibus

381 4136 481 4226 ijdem
493 4139 550 4226 filij
566 4139 709 4226 Zegbeu,
726 4143 892 4225 requisitis
908 4141 1064 4208 omnibns
1083 4141 1162 4226 aliJs
1173 4141 1288 4208 vicinis
1305 4142 1375 4208 suis
1391 4147 1425 4208 et
1439 4153 1506 4227 per-

254 4317 258 4326 ,
383 4247 595 4325 mittentibus,
612 4249 695 4318 siout
710 4267 768 4336 pcr
785 4249 912 4316 litteras
929 4249 1074 4334 Capituli
1090 4249 1310 4316 Posoniensis
1325 4249 1419 4315 nobis
1435 4267 1505 4314 con-

382 4355 475 4444 stitit,
491 4355 710 4425 uendiderunt
736 4375 795 4442 pro
812 4353 925 4423 decem
942 4363 976 4424 et
992 4368 1063 4423 octo
1083 4357 1205 4423 marcis
1221 4357 1363 4444 receptis
1379 4355 1504 4443 plenius

383 4465 427 4531 ab
443 4465 565 4532 eisdem
591 4485 701 4533 coram
726 4463 880 4551 capitulo
905 4465 1109 4549 Posoniensi,
1130 4465 1214 4532 sieut
1229 4465 1263 4530 in
1284 4465 1428 4532 eiusdem
1445 4465 1501 4533 Ou-

382 4571 478 4656 pitnli
502 4571 619 4640 litteris
644 4572 804 4655 uidimus,
841 4581 998 4656 perpetuo
1033 4573 1285 4659 possidendam,
1320 4583 1353 4640 et
1380 4573 1499 4640 baben·
1581 4589 1582 4592 ’

383 4677 468 4744 dam.
486 4679 527 4744 lit
552 4687 638 4745 mete
655 4679 801 4746 eiusdem
826 4689 922 4763 terre,
950 4687 1044 4767 prout
1068 4682 1103 4747 in
1128 4682 1245 4760 litteris
1262 4675 1339 4750 dicti
1356 4681 1493 4768 capituti
