3250 5268
603 291 808 402 '...⁸.1.„.

121 499 188 562 ster
203 495 401 563 Timotheus
416 496 655 581 Zagrabiensis
670 498 855 584 Episcopus
865 496 1081 582 promotionis
1097 515 1156 565 sue
1171 501 1251 566 tem·

65 605 70 612 '
121 621 201 688 pore
217 605 253 669 in
270 603 387 690 Regno
403 603 550 690 Ungarie
567 603 748 689 obtinebat,
764 624 804 672 ac
820 601 968 672 faciendi
981 623 1144 689 personas
1159 605 1252 691 ipsas

123 707 167 775 ad
184 710 351 779 beneficia
366 710 560 797 huiusmodi,
587 713 618 780 si
642 715 675 780 in
695 712 856 782 Ecclesiis
872 711 1044 794 collegatis
1061 713 1252 800 existerent,

122 817 157 884 in
173 820 354 888 canonicos
370 819 474 908 recipi
499 827 532 888 et
549 820 583 887 in
602 819 731 900 fratres,
754 839 816 887 nec
833 839 898 890 uon
915 818 1179 890 contradictores
1194 840 1252 909 per

1 993 2 998 ,
122 943 299 996 tonsorem
315 927 578 998 eeclesiasticam
594 928 818 1016 appellatione
839 931 1027 1015 postposita
1044 949 1253 1017 compescen·

122 1033 168 1119 di,
186 1035 329 1104 liberum
355 1037 636 1106 concessissemus
661 1055 720 1121 per
745 1043 876 1104 nostras
903 1037 1033 1107 litteras
1048 1037 1253 1125 facultatem,

1 1200 2 1234 ,
124 1142 258 1213 demum
273 1143 361 1214 idem
379 1145 563 1232 Episcopus
572 1145 785 1213 Prenestinus
796 1144 855 1213 tibi
866 1147 1051 1231 capellano
1066 1167 1127 1217 cuo
1143 1155 1254 1218 aucto·

1 1239 2 1312 Ὗ
124 1253 224 1324 ritate
251 1249 433 1320 litteratim
456 1255 602 1340 ipsarum
629 1251 861 1321 canonicatum
886 1259 919 1321 et
941 1254 1154 1341 prebendam,
1171 1275 1254 1340 qnos

124 1359 233 1428 dietus
258 1363 445 1450 Episcopus
474 1359 711 1448 Zagrabiensis
737 1367 884 1448 tempore
911 1381 972 1432 sue
987 1365 1204 1450 promotionis
1219 1365 1254 1433 in

1 1567 2 1570 Ἴ
125 1469 349 1552 Zagrabiensi
361 1471 513 1540 Ecclesia
528 1470 723 1556 obtinuerat,
740 1489 800 1554 per
816 1469 1004 1541 huiusmodi
1019 1473 1255 1558 promotionem

125 1578 276 1647 iamdicti
286 1581 444 1669 Episcopi
453 1581 688 1668 Zagrabiensis
701 1585 870 1666 vacantes,
884 1600 956 1650 eum
973 1580 1134 1669 domibus,
1152 1585 1255 1671 cuma,

1 1751 2 1756 ,
127 1691 161 1752 et
175 1689 330 1758 omnibus
355 1689 491 1774 iuribus,
516 1697 549 1756 et
577 1687 786 1776 pertinentiis
811 1688 880 1756 suis
899 1689 1048 1777 contulit,
1066 1697 1099 1758 et
1115 1692 1256 1777 deipsis

1 1809 2 1882 l
126 1797 283 1882 prouidit,
299 1801 397 1884 teque
413 1797 655 1884 presentialiter
666 1797 835 1867 investivit
850 1817 911 1885 per
926 1817 1019 1868 suum
1035 1803 1194 1870 annulum
1210 1801 1254 1870 de

130 1904 277 1992 eisdem,
302 1904 483 1975 decernens
509 1907 636 1974 irritum
653 1913 686 1976 et
701 1905 810 1990 inane,
836 1908 866 1974 si
882 1926 979 1975 secus
997 1907 1039 1976 de
1057 1910 1254 1980 canonicatu

1 2025 2 2036 ¹
130 2019 163 2080 et
178 2012 352 2102 prebenda
360 2013 549 2084 huiusmodi
559 2014 677 2100 quavis
687 2013 886 2082 auctoritate
903 2013 1108 2100 contingeret
1122 2036 1184 2104 per
1199 2017 1257 2086 ali·

129 2141 228 2206 quem
260 2123 469 2211 attemptari,
501 2130 598 2211 prout
627 2123 660 2190 in
692 2122 825 2208 publico
855 2122 1072 2191 instrumento
1104 2123 1255 2194 contecto

127 2229 259 2316 exinde,
276 2251 318 2299 ac
332 2231 444 2316 sigillo
460 2229 741 2320 ipsiusEpiscopi
765 2229 951 2298 Penestrini
975 2231 1106 2316 signato
1127 2234 1257 2319 plenius

129 2339 327 2409 continetur.
358 2343 428 2410 Nos
453 2341 567 2426 itaque
593 2342 660 2408 tuis
679 2338 976 2427 supplicationibus
994 2339 1152 2428 inclinati,
1169 2341 1257 2428 qnod

130 2449 308 2520 abeodem
326 2451 494 2538 Episcopo
513 2447 707 2519 Prenestino
728 2467 829 2536 snper
851 2447 1021 2536 premissis
1050 2449 1172 2518 lactum
1198 2458 1259 2539 est,

125 2565 235 2627 ratum
256 2565 290 2627 et
305 2559 434 2628 firmum
448 2557 623 2643 babentes,
652 2555 686 2623 id
710 2556 909 2625 auctoritate
924 2557 1117 2643 Apostolica
1142 2559 1257 2627 confir·

125 2687 256 2737 mamus
270 2670 334 2738 stb.
350 2669 594 2740 communimus.
622 2669 784 2735 Tenorem
801 2673 910 2736 autem
928 2665 1031 2752 ipsius
1048 2665 1258 2738 instrumenti

1 2803 2 2814 ¹
126 2777 168 2845 de
177 2779 285 2848 verbo
296 2780 341 2850 ad
350 2781 484 2849 verbum
493 2775 704 2866 presentibus
714 2774 852 2844 lecimus
862 2775 1029 2845 annotari:
1042 2775 1096 2858 qui
1106 2777 1183 2864 talis
1194 2783 1256 2847 est.

237 2885 429 2975 Stephanus
463 2889 526 2956 stb.
571 2882 701 2972 (lstutn
732 2882 1029 2970 bibomokpttspbk
1060 2883 1258 2958 batarouata

128 2995 334 3068 reverterit
349 2999 449 3066 altbb
467 2999 519 3065 to.
535 3017 582 3064 sn.
599 2993 647 3082 a.)
1059 3083 1062 3088 Ι

185 3111 187 3116 ’
236 3103 326 3175 Nulli
342 3127 422 3191 ergo
447 3113 508 3173 etc.
534 3111 648 3175 nostre
664 3101 919 3171 confirmationis
935 3108 998 3172 etc.
1031 3100 1154 3171 Datum
1170 3103 1258 3187 apud

129 3212 250 3283 Urbem
277 3215 430 3284 Veterem
454 3213 559 3282 XVII.
591 3213 667 3283 Kal.
700 3212 884 3284 Februarii.
914 3211 1129 3284 Pontificatus
1154 3213 1258 3282 nostri

129 3342 219 3391 anno
236 3323 341 3394 tertio.

237 3497 303 3573 (IV.
315 3495 414 3560 Orbtn
426 3497 505 3574 ptpa
517 3495 717 3574 Regesttibtl,
733 3495 862 3558 'l'heiner
874 3497 912 3556 id.
926 3515 963 3554 m.
976 3499 999 3557 1.
1012 3497 1040 3557 k.
1053 3497 1115 3556 260.
1128 3497 1161 3570 l.)

119 4773 123 4780 .
141 4689 151 4706 '
181 4739 284 4781 EORUM.
299 4735 380 4778 HUHG.
391 4734 570 4780 lusa-mat.
584 4739 604 4777 8.
709 4799 712 4806 .
