3250 5268
14 557 15 580 *
124 576 174 635 ter
198 567 437 650 strigoniensis
461 567 756 655 Arobiepisoopus,
781 571 879 638 nobis
905 572 1093 638 volentibus
1120 581 1153 640 et
1178 593 1250 641 oum

125 677 292 746 instancia
316 673 573 761 requirentibus,
599 677 674 744 tulit
689 669 722 743 in
738 679 873 763 seriptis
893 681 1095 748 senteutiam
1122 700 1249 750 exeom-

127 784 367 854 munioaoionis
392 785 425 850 in
451 803 511 851 nos
537 792 708 869 presentes
732 805 890 872 prooessn
914 789 1070 874 temporis
1096 791 1250 876 omnium,

126 894 179 959 vei
196 893 340 960 ouiusris
364 891 577 959 artionlornm
602 893 635 957 in
651 895 821 980 premissis
847 895 1154 980 comprehensorum
1180 897 1249 967 rio·

127 1001 273 1085 latores,
289 1007 574 1084 transgressores,
599 1005 814 1069 temeratores
831 1011 865 1069 et
881 1001 995 1085 quovis
1015 1003 1148 1091 ingenio
1174 1025 1250 1074 oon·

126 1115 333 1194 temptores:
359 1107 407 1172 ita
433 1112 467 1172 nt
488 1104 517 1172 si
543 1107 664 1192 aliquis
689 1115 837 1176 nostrum
862 1117 977 1176 eontra
1003 1111 1250 1182 ordinacionem

126 1215 323 1302 premissam
340 1213 484 1298 venerit,
512 1221 545 1281 et
560 1214 593 1282 in
614 1217 818 1285 sentenciam
835 1238 894 1303 per
918 1219 1026 1304 ipsum
1051 1219 1250 1308 strigonien·

126 1345 196 1392 sem
214 1323 505 1410 Arobiepiscopum
530 1323 661 1410 prefato
686 1327 783 1394 modo
799 1329 903 1395 iatam
920 1327 1092 1415 insiderit,
1117 1350 1183 1397 nou
1209 1330 1250 1397 de

14 1475 15 1492 2
126 1451 213 1500 novo
230 1453 290 1520 per
316 1433 478 1520 prefatum
493 1433 785 1521 Arobiepiaoopum
806 1438 1081 1506 exeommunioari
1105 1438 1250 1521 debebit,

127 1561 200 1608 enm
218 1544 291 1628 ipso
308 1543 399 1612 santo
416 1544 483 1609 iam
509 1543 552 1610 sit
568 1545 889 1630 excommunicatos,
915 1545 975 1613 aed
990 1547 1252 1614 exeommuniea·

14 1693 15 1748 i
125 1655 179 1716 tns
197 1650 393 1719 dennnoiari
418 1650 601 1735 publicent
628 1649 797 1738 perinrns;
824 1661 857 1720 et
873 1653 945 1740 ipso
970 1653 1251 1740 Arobiepiseopns

126 1758 421 1842 impresenoiarnm
444 1756 663 1841 constitutus,
688 1759 784 1826 nobis
801 1759 1009 1845 petentibus,
1033 1760 1184 1847 promisit
1199 1758 1252 1826 br·

127 1866 224 1932 miter
241 1866 314 1934 sine
330 1864 458 1932 deleetn
474 1863 610 1932 alteriue
631 1865 736 1950 partis
749 1866 1039 1934 denunoiaeionem
1056 1864 1251 1952 huiusmodi,

14 2021 16 2076 ,
130 1995 204 2042 oum
221 1980 449 2058 transgressor
465 1973 675 2058 apparuerit,
703 1992 740 2040 se
757 1972 927 2041 iacturum.
953 1975 1070 2042 Aetnm
1088 1981 1121 2040 et
1138 1972 1251 2042 datum

14 2083 15 2092 ’
129 2082 162 2147 in
195 2081 309 2148 Insula
337 2081 441 2146 Beate
476 2080 625 2164 Virginis
655 2099 742 2146 anno
775 2081 820 2148 ab
851 2081 1086 2158 luoarnaoione
1118 2079 1252 2148 Domini

130 2189 173 2254 bi.
191 2189 256 2258 00.
276 2186 391 2256 LXVI.
417 2186 608 2255 indiooione
623 2187 740 2270 v1111,
767 2205 853 2254 nono
878 2188 934 2255 die
952 2187 1077 2268 Marcio
1102 2194 1251 2256 exeunte.

131 2297 167 2362 ln
184 2297 278 2362 ouius
294 2297 342 2364 rei
358 2294 581 2362 testimoninm
598 2301 631 2362 et
646 2292 746 2360 robnr
771 2301 963 2378 perpetuum
983 2301 1151 2380 presentes
1167 2295 1253 2362 litte-

132 2423 187 2472 ras
203 2411 317 2472 nostro
333 2410 366 2469 et
383 2402 545 2470 carissimi
561 2401 620 2470 filii
637 2403 740 2469 nostri
757 2401 877 2486 sigiliis
894 2402 1079 2488 duplioibus
1104 2421 1146 2468 ex
1162 2409 1254 2470 serta

14 2575 15 2584 ,
132 2513 278 2581 seienoia
301 2511 439 2580 fecimus
464 2508 668 2578 communiri.
692 2510 762 2576 Nos
786 2512 891 2578 eciam
916 2511 1100 2600 Pbyiippns
1123 2509 1255 2578 misera

133 2623 228 2688 eione
242 2619 366 2688 Divina
382 2617 656 2704 Arebiepiscopns
674 2617 932 2702 strigoniensis,
960 2620 1036 2686 aule
1051 2617 1154 2704 Regie
1171 2617 1253 2684 can-

133 2729 299 2812 cellarius,
316 2727 360 2794 ad
375 2727 574 2794 instantiam
591 2731 624 2792 et
640 2725 835 2812 peticionem
860 2717 1061 2813 prefatorum
1076 2723 1254 2794 illustrium

15 2925 16 2930 ἵ
132 2837 257 2922 Regum
274 2835 419 2922 Ungarie
435 2833 582 2920 presenti
606 2839 699 2902 oarte
724 2831 869 2918 sigillum
888 2839 1033 2901 nostmm
1057 2831 1256 2904 autenticum

15 2945 17 3020 4
131 2946 255 3032 opponi
271 2943 407 3012 isoimns
424 2949 458 3010 et
475 2941 629 3029 appendi.

216 3175 280 3246 (IV.
294 3175 436 3232 Kelemen
448 3172 528 3248 ptpa
540 3170 739 3243 Regesttibbl,
759 3169 885 3229 'Phoiner
893 3172 931 3228 id.
944 3187 981 3224 m.
993 3168 1016 3227 L
1029 3168 1058 3226 k
1070 3167 1134 3226 284.
1143 3167 1177 3240 1.)
