3250 5268
351 1179 373 1246 1
376 1175 412 1244 V.
430 1175 540 1244 Orbdra
552 1179 643 1266 pcipe
667 1176 793 1244 sarta
816 1175 997 1262 mamad,
1021 1178 1188 1246 odlaaatctt
1211 1170 1478 1261 udafcttrears

389 1285 588 1375 prtpoatrsuk
603 1283 801 1374 meplrcpw‘c,
828 1283 908 1374 bopy
927 1287 1005 1374 crepy
1021 1285 1136 1375 tctacp
1161 1285 1244 1354 alac
1267 1282 1435 1352 maceca

734 1392 873 1482 jeleajen
888 1415 963 1482 casp.
988 1395 1087 1464 1264.

459 1589 612 1660 Urbanus
636 1589 821 1680 Episcopus
839 1596 903 1659 stc.
920 1591 1042 1660 dilecto
1058 1591 1126 1663 lilio
1145 1591 1305 1680 magistro
1320 1587 1479 1657 Forcasio

349 1700 468 1769 Electo
484 1699 520 1767 in
534 1696 742 1792 Propositum
766 1698 918 1766 Ecclesie
932 1699 1088 1770 Albensie
1104 1699 1148 1770 ad
1164 1703 1346 1769 Romanam
1361 1696 1479 1764 Eccle-

349 1808 434 1875 siam
450 1807 542 1878 nullo
567 1808 678 1876 medio
704 1805 909 1895 pertinentis,
936 1808 1189 1896 vesprimiensis
1214 1806 1378 1890 Diocesis,
1402 1801 1479 1869 aule

301 1987 305 1998 ,
350 1917 513 1986 carissimi
538 1915 573 1984 in
598 1917 728 1986 Christo
763 1917 822 1985 filii
846 1917 951 1986 nostri
968 1969 974 1984 .
991 1966 999 1988 .
1018 1967 1027 1986 .
1043 1919 1143 2004 Regis
1169 1915 1314 2002 ngarie
1338 1911 1480 1982 illustris

352 2023 667 2112 vico-cancellario,
684 2025 823 2094 salutem
840 2031 902 2092 etc.
928 2025 999 2092 'lue
1017 2026 1204 2096 devotionis
1220 2023 1347 2112 puritas
1364 2020 1478 2088 effica-

354 2135 436 2202 citer
460 2132 649 2222 persuadet,
675 2131 762 2217 quod
786 2135 849 2201 tuis
876 2133 1015 2201 libenter
1039 2131 1246 2202 intendentes
1270 2127 1480 2219 profectibus

350 2241 395 2311 ab
412 2243 488 2328 biis,
505 2261 569 2326 que
578 2241 639 2310 tibi
649 2240 854 2328 dispendium
871 2248 1008 2328 possent
1022 2241 1132 2326 affere,
1144 2246 1325 2329 opportune
1341 2239 1481 2306 subren-

349 2351 450 2418 tiouis
467 2346 613 2419 remedio
639 2353 730 2418 tuam
758 2349 949 2418 studeamus
975 2368 1147 2437 personam
1165 2347 1393 2417 favorabiliter
1406 2364 1480 2433 pre·

350 2475 495 2526 serrare.
527 2456 616 2524 Sane
640 2456 727 2523 lecta
753 2475 863 2526 coram
888 2456 985 2525 nobis
1000 2455 1169 2545 petitionis
1182 2461 1239 2524 tue
1255 2455 1360 2523 series
1377 2451 1482 2521 conti·

348 2564 458 2650 nebat,
485 2563 575 2649 quod
599 2563 678 2632 licet
702 2569 755 2644 tu,
781 2565 835 2650 qul
862 2565 895 2632 iu
911 2565 1116 2653 Propositum
1135 2565 1293 2634 Albensis
1323 2561 1482 2631 Ecclesia

350 2673 520 2756 canonice,
538 2677 574 2738 ut
589 2670 723 2756 asseris,
739 2691 775 2740 es
793 2672 926 2756 electus,
936 2673 970 2741 in
980 2675 1066 2744 votis
1076 2674 1246 2757 habueris,
1257 2690 1317 2758 pro
1333 2669 1483 2757 petenda

350 2777 594 2848 confirmatione
603 2779 788 2850 huiusmodi
798 2779 970 2852 electionis
986 2781 1072 2851 inira
1082 2788 1211 2869 tempus
1221 2779 1347 2850 Eleetls
1361 2777 1481 2846 Eccle-

352 2887 473 2953 siarum
489 2887 535 2954 ad
549 2886 725 2971 petendum
741 2889 937 2958 electionum
948 2908 1080 2959 suarum
1091 2887 1346 2957 confirmationis
1361 2906 1482 2956 munus

351 3013 374 3062 a
388 2993 461 3060 inre
476 3000 643 3078 statutum,
670 2995 715 3062 ad
731 2996 956 3083 Apostolioem
977 2997 1097 3067 Sedem
1114 2997 1334 3087 personaliter
1351 3001 1385 3062 te
1402 3014 1482 3062 con·

349 3101 456 3186 terre,
471 3105 582 3170 tamen
608 3101 851 3174 discriminibus
876 3123 1076 3192 guerrarum,
1094 3125 1157 3190 que
1173 3107 1207 3173 in
1224 3103 1292 3172 illis
1309 3103 1485 3173 invaluere

349 3207 511 3294 partibus,
528 3211 588 3277 tibi
613 3229 714 3297 super
739 3210 802 3280 boe
828 3213 1053 3300 impedimenti
1078 3214 1205 3282 obicem
1222 3213 1481 3301 opponentibus,

347 3317 465 3399 nequis
492 3319 661 3386 commode
686 3317 870 3393 huiusmodi
895 3328 983 3392 tuum
1010 3323 1044 3390 in
1069 3323 1133 3390 hac
1155 3328 1252 3409 parte
1273 3318 1483 3388 desiderium

349 3421 553 3510 adimplere;
582 3444 680 3510 super
697 3443 760 3508 quo
776 3447 817 3494 ne
833 3425 867 3496 id
883 3429 944 3498 tibi
959 3429 1003 3496 ad
1018 3430 1220 3516 negligentie
1241 3429 1375 3515 culpam
1392 3427 1483 3495 lutu-

348 3530 395 3600 ris
411 3532 524 3601 forsan
539 3534 645 3618 possit
670 3535 870 3620 temporibus
886 3535 1052 3622 imputari,
1069 3555 1126 3620 per
1141 3541 1292 3607 nostram
1308 3535 1481 3622 provideri

349 3637 606 3708 sollicitudinem
622 3641 818 3726 suppliciter
834 3643 1020 3731 postulasti.
1051 3643 1131 3712 Tuis
1148 3645 1249 3730 igitur
1264 3643 1482 3731 supplicatio-

348 3744 446 3814 nibus
463 3744 623 3830 inclinati‚
636 3747 696 3814 tibi
711 3748 755 3814 ad
771 3749 967 3832 veniendum
983 3751 1029 3820 ad
1044 3757 1190 3820 nostram
1206 3752 1410 3840 presentiam
1420 3772 1483 3838 pro

349 3847 438 3919 dicte
454 3849 709 3920 confirmationis
724 3858 780 3921 tue
795 3875 928 3925 munere
943 3857 1144 3944 postulando
1161 3864 1303 3944 quatuor
1319 3857 1482 3926 mensium

349 3953 495 4039 spatium
522 3957 745 4042 indulgemus5
778 3961 826 4034 ita
850 3964 940 4048 quod
964 3965 1050 4033 inira
1077 3963 1158 4033 illud
1182 3973 1319 4054 propter
1345 3966 1410 4036 huc
1436 3961 1483 4032 ad

348 4061 462 4128 sedem
486 4061 649 4149 prefatam
675 4060 834 4134 accedere
859 4071 1013 4138 tenearis.
1045 4071 1137 4140 Nulli
1162 4093 1241 4158 ergo
1275 4083 1337 4143 etc.
1363 4079 1480 4142 nostre

349 4168 572 4237 concessionis
598 4177 662 4239 etc.
692 4173 813 4242 Datum
838 4179 928 4263 apud
953 4177 1075 4248 Urbem
1092 4182 1242 4258 Veterem
1262 4181 1306 4250 11.
1322 4179 1402 4250 Idus
1418 4181 1482 4250 Fe·

348 4271 481 4359 bruerii,
498 4275 726 4360 (Pontificatus
741 4281 858 4368 nostri)
874 4301 962 4355 anno
978 4285 1084 4353 tertio.

456 4443 516 4516 (lV.
531 4447 628 4508 Orbtn
640 4451 719 4526 ptpa
732 4455 932 4532 Regestdibdl,
945 4459 1073 4520 Tbeiner
1086 4460 1126 4523 iu.
1142 4479 1180 4522 m.
1195 4463 1218 4521 1.
1229 4463 1258 4522 k.
1272 4463 1334 4522 266.
1347 4464 1381 4538 l.)
