3270 5280
150 1641 213 1708 IV.
237 1641 321 1708 Buta
334 1643 444 1731 lcirctly
460 1643 641 1730 Liupoldot,
663 1643 796 1720 Troslof
809 1645 975 1731 testodrdt,
992 1645 1135 1733 sempera
1159 1651 1278 1713 ndume-

349 1775 406 1839 pyc
423 1749 668 1838 sb'ispdnydnak
687 1751 839 1818 kirrcoozs'.
865 1753 951 1816 1261
976 1751 1077 1818 tonsu.

257 1945 327 2014 Nos
352 1944 465 2030 B(ela)
490 1943 553 2013 Dei
580 1947 693 2031 gracia
720 1947 789 2012 Rex
815 1945 985 2032 llungarie
1011 1947 1275 2018 commendantes

148 2055 305 2122 memorie
337 2055 501 2120 uniuersis
533 2053 779 2140 significamus,
812 2053 1016 2138 quodjsicut
1045 2053 1134 2120 fideli
1164 2065 1276 2123 nostro

148 2161 317 2246 Truslepb
336 2161 535 2228 Comitatum
561 2161 602 2229 de
627 2164 785 2250 Somptcy
810 2162 1073 2246 contuleramus,
1099 2165 1146 2231 sic
1172 2164 1275 2231 eciam

146 2275 375 2358 postmortem
393 2270 539 2338 eiusdem
565 2271 727 2357 Truslepb
745 2269 947 2338 aduertendo
972 2269 1164 2339 fidelitatem
1184 2293 1276 2340 suam

147 2387 182 2445 et
198 2381 301 2446 eciam
318 2379 461 2448 seruicia
486 2377 616 2460 tidelia,
649 2399 713 2462 que
739 2379 842 2446 frater
868 2399 946 2447 suus
971 2379 1185 2466 Lyuppoldus
1210 2401 1276 2447 vna

148 2507 222 2552 cnm
239 2485 341 2554 fratre
358 2507 417 2554 sno
434 2487 531 2553 Petro
547 2493 655 2553 nostre
672 2487 839 2552 Maiestati
860 2487 1077 2552 exhibuerant
1099 2487 1275 2572 indefesse,

147 2593 268 2660 dictum
286 2593 481 2660 Comitatnm
509 2613 580 2659 cum
607 2593 758 2662 omnibus
785 2593 994 2680 appendiciis
1023 2603 1056 2660 et
1079 2593 1274 2662 utilitatibus

147 2701 295 2766 eiusdem
311 2699 376 2786 ipsi
392 2700 586 2787 Lyuppoldo
604 2701 719 2766 Oomiti
730 2699 771 2768 de
782 2710 893 2768 nostro
906 2699 1112 2787 beneplacito
1124 2701 1274 2768 duximus

147 2806 395 2873 conferendum.
426 2809 495 2873 Isto
521 2815 631 2874 tamen
656 2807 844 2890 interiecto,
871 2815 908 2875 ut
933 2810 1010 2875 licet
1034 2809 1106 2894 ipse
1133 2815 1274 2876 castrum

149 2933 210 2978 seu
236 2913 402 2999 adipsum
428 2915 630 2999 pertinencia
655 2914 810 2982 fratribus
835 2935 895 2981 seu
922 2916 1070 2997 cognatis
1086 2915 1275 3002 suis‘possit

148 3021 355 3106 relinquere,
371 3021 535 3090 vendendi
552 3029 663 3089 tomen
689 3041 747 3089 sen
773 3021 941 3090 alienandi
956 3043 1022 3089 non
1038 3023 1160 3090 habeat
1184 3029 1274 3109 pote-

148 3135 289 3215 statem3
306 3130 377 3216 ipse
392 3137 503 3196 tamen
520 3137 552 3196 et
567 3130 672 3214 ipsius
689 3129 827 3198 heredes
853 3151 912 3199 seu
938 3131 1041 3196 eciam
1066 3151 1275 3199 successores

148 3236 246 3304 nobis
262 3244 297 3303 et
312 3238 434 3305 uostris
459 3237 656 3321 heredibus,
681 3237 765 3306 siout
789 3238 889 3305 ceteri
904 3237 1010 3322 Regni
1027 3239 1129 3304 nostri
1146 3239 1274 3306 nobiles

148 3343 264 3411 debita
290 3345 452 3414 fidelitate
478 3345 634 3412 exhibere
659 3345 800 3414 seruicia
826 3354 1006 3412 teneantur.
1045 3345 1274 3412 concessimus

150 3453 276 3534 eciam,
293 3461 328 3517 ut
343 3453 482 3538 populos
499 3455 559 3519 snb
576 3460 684 3522 castro
702 3473 759 3520 sen
775 3455 808 3519 in
825 3453 900 3520 aliis
917 3451 1004 3519 villis
1021 3451 1187 3538 adipsum
1204 3471 1274 3537 per-

149 3559 388 3646 licentiosam
405 3581 507 3629 cansa
524 3561 617 3646 furti,
635 3561 835 3628 decimarum
853 3569 885 3628 et
901 3567 1030 3626 monete
1057 3561 1167 3628 nnllns
1183 3561 1273 3628 Jndi-

149 3687 224 3732 cum
243 3668 368 3754 Regni,
387 3669 468 3736 etin
484 3670 634 3738 omnibus
650 3671 728 3754 alijs
744 3670 853 3734 causis
875 3669 996 3736 debeat
1017 3667 1188 3753 judicare,
1214 3667 1275 3735 sed

146 3793 209 3841 neo
225 3775 345 3842 Comes
362 3775 593 3858 Posoniensis,
610 3795 671 3843 nec
688 3783 721 3840 et
737 3775 935 3860 Nitriensis,
963 3773 1028 3840 nisi
1053 3794 1115 3842 sua
1128 3761 1273 3861 ⁴persona

146 3888 283 3949 tantum.
302 3882 365 3962 Qui
382 3883 410 3947 si
426 3882 460 3950 in
477 3883 631 3950 facienda
641 3883 781 3969 justicia
797 3883 968 3968 negligens
985 3889 1074 3949 esset
1089 3889 1147 3949 aut
1163 3883 1274 3950 remis·

147 4009 227 4074 sus,
243 4009 309 4056 non
326 3989 438 4077 populi
455 3990 524 4070 sui,
540 3988 599 4057 sed
615 3989 687 4076 ipso
703 3989 735 4054 in
753 3996 866 4058 nostra
882 3990 1064 4077 presencia,
1090 3991 1142 4056 sel
1169 3991 1220 4056 cui
1238 3991 1274 4056 il-

145 4099 204 4164 lnd
222 4098 411 4182 specialiter
427 4097 672 4182 iniunxerimus,
687 4096 850 4163 tenebitur
866 4093 1040 4164 conueniri.
1066 4095 1158 4162 Vnde
1175 4098 1276 4164 omni·

145 4207 209 4272 bus
221 4205 385 4292 judicibus
406 4205 613 4294 precipimus,
630 4211 664 4271 et
673 4205 862 4290 specialiter
871 4202 1066 4270 Posoniensi
1077 4208 1109 4267 et
1119 4201 1276 4268 Nitriensi

147 4312 353 4398 comitibus,
369 4321 405 4379 ut
421 4314 526 4398 ipsum
544 4319 576 4378 et
592 4311 636 4378 ad
653 4331 725 4378 eum
741 4311 944 4397 pertinentes
960 4309 1108 4376 homines
1133 4329 1191 4377 seu
1217 4329 1274 4393 po-

145 4423 244 4507 pulos
261 4441 327 4487 non
343 4421 472 4516 possint
487 4439 549 4489 noo
575 4420 718 4488 debeant
738 4419 901 4505 judicare.
934 4418 1024 4496 Quas
1049 4417 1220 4483 libertates
1245 4419 1276 4484 ei

144 4549 189 4597 ex
203 4535 319 4598 nostra
334 4529 448 4628 gracia
463 4547 650 4612 concessas,
668 4527 731 4596 sibi
747 4527 875 4597 seruari
899 4533 966 4594 tam
981 4527 1014 4593 in
1027 4523 1162 4611 judiciis
1178 4543 1275 4608 quarn

199 4651 301 4696 sonora
316 4653 395 4701 nuno.
410 4651 480 4697 nrsr.
491 4670 519 4683 -
528 4643 633 4694 orama
1090 4635 1104 4698 l
