3270 5280
761 345 783 412 5

688 430 846 451 -ι-ι

174 541 257 611 dsns
272 561 332 629 per
347 561 502 626 magnam
527 542 647 611 vallem
670 543 761 610 eadit
784 545 829 614 ad
854 541 984 614 fluuium
999 547 1170 636 Teareha5
1191 555 1226 619 et
1239 573 1299 638 per
1336 631 1338 639 y

169 650 311 720 eandem
328 670 448 736 uquam
465 651 671 720 descendens
688 653 838 739 peruenit
852 651 898 722 ad
914 653 1042 742 looum,
1070 657 1125 725 rbi
1150 667 1201 727 est
1225 680 1298 748 por·

168 765 224 826 tus
239 760 354 828 subtus
370 759 591 830 molendinum
607 761 800 848 lliohaelis3
818 761 906 831 stibi
916 764 985 832 exit
1000 764 1046 833 ad
1057 773 1185 852 partem
1195 770 1298 838 orien-

169 867 274 936 talem
289 867 333 936 ad
349 887 447 936 roam
463 870 571 954 riam,
597 889 661 956 que
684 869 778 938 radit
801 871 968 957 paululum
993 891 1051 960 per
1076 873 1240 962 tenetum3
1265 881 1299 942 et

167 974 292 1043 ibidem
309 975 409 1052 intrat
423 977 606 1062 Maloeam,
622 997 683 1066 per
698 997 796 1064 qnam
811 980 877 1046 itur
893 979 936 1048 sd
961 977 1092 1050 fluuium
1122 981 1296 1068 Sonlrolra;

169 1089 204 1149 et
218 1079 336 1151 fluuius
351 1084 409 1152 ille
424 1086 541 1152 iterum
559 1085 646 1154 eadit
661 1087 695 1152 iu
712 1087 885 1170 Tearoha,
910 1094 943 1154 et
967 1109 1025 1176 per
1039 1089 1224 1160 Taaroham
1240 1090 1296 1158 de-

169 1191 298 1258 seendit
313 1191 449 1261 inferius
467 1213 569 1278 usque
585 1194 629 1262 ad
644 1195 825 1280 prediotum
841 1203 994 1282 pontem,
1010 1199 1067 1268 vbi
1088 1200 1193 1284 prima
1209 1205 1297 1266 meta

112 1354 116 1358 .
170 1299 231 1364 fnit
246 1300 397 1386 incepta,
414 1301 524 1386 ibique
540 1305 743 1370 terminatur.
768 1304 816 1370 Ao
837 1311 873 1371 rt
897 1303 1079 1372 huiusmodi
1103 1315 1218 1375 nostra
1240 1305 1297 1374 do-

168 1408 267 1474 naoio
283 1407 382 1476 robur
396 1409 541 1476 obtineat
555 1416 710 1495 perpetue
726 1407 900 1496 firmitatis,
917 1417 1087 1498 presentes
1103 1419 1231 1480 nostras
1246 1413 1296 1481 lit·

168 1523 259 1585 teras
276 1517 381 1584 eidem
403 1518 614 1603 contulimus,
646 1519 750 1604 sigilli
780 1521 882 1588 nostri
914 1521 1090 1588 munimine
1114 1521 1295 1588 roboratas.

169 1625 295 1691 Datum
312 1645 372 1710 per
387 1643 502 1692 manus
519 1625 687 1693 Benedicti
704 1629 868 1714 Prepesiti
884 1625 1111 1713 Soibiniensis,
1135 1630 1211 1696 aule
1238 1648 1294 1695 no·

168 1741 237 1800 stre
255 1731 568 1818 vicecancellarii,
586 1755 672 1803 auno
688 1736 819 1804 Domini
836 1736 985 1807 Mcctx
999 1737 1115 1822 primo.

332 1929 479 2000 (liredetie
504 1930 624 2002 Eperjes
637 1930 715 1990 saulo.
735 1931 788 1986 lrir.
811 1928 897 1989 utros
909 1928 1132 2000 luvelttrtkm.)

624 2227 842 2247 w

711 2644 743 2710 4.

167 2826 280 2891 Ietodn
303 2821 409 2912 ufjudd
435 2822 542 2910 lrirdly
562 2822 735 2910 moperdsitu'
751 2844 771 2884 a
794 2823 879 2887 deeai
899 2823 1054 2909 polpdrolr
1075 2822 1290 2911 kiodltsdpau't.

685 2929 783 2997 1261.

279 3128 463 3214 Stephanus
480 3125 542 3194 Dei
568 3127 683 3213 grauia
699 3129 768 3194 Rex
777 3177 787 3213 ,
815 3127 1052 3214 primogenitus
1073 3129 1214 3195 Illustris
1231 3128 1293 3193 Re·

168 3239 222 3324 gis
239 3236 415 3321 Hungarie,
432 3237 507 3302 Dux
523 3235 771 3303 Transilvanue.
787 3234 837 3300 Ad
855 3235 994 3320 Regiam
1011 3235 1149 3320 pertinet
1173 3235 1291 3302 Maies-

167 3354 270 3414 totem
289 3345 440 3430 preoibns
456 3341 717 3411 oondesoendere
733 3343 953 3427 subditorum,
979 3349 1015 3410 ut
1037 3361 1192 3410 uumerus
1216 3340 1292 3409 lide-

168 3453 249 3522 lium
265 3455 443 3538 augeatur,
468 3457 501 3520 et
516 3451 650 3533 Regalis
666 3451 820 3537 potenoia
843 3451 947 3518 laoins
973 3449 1185 3534 extendatur,
1218 3469 1292 3516 oum

168 3561 271 3644 Regis
287 3561 452 3648 proprium
473 3553 534 3644 sit,
551 3561 584 3625 iu
602 3559 808 3626 multitudiue
823 3558 937 3644 populi
951 3557 1097 3644 gloriari.
1128 3557 1215 3622 Hino
1231 3567 1291 3644 est,

169 3667 256 3756 quod
271 3669 497 3735 universorum
507 3668 712 3753 presencium
723 3674 992 3754 posterorumque
1007 3665 1128 3734 uotiuis
1143 3666 1292 3732 volumus

167 3775 242 3844 fieri
257 3775 464 3844 manifestum
476 3825 486 3860 ,
518 3775 603 3861 quod
629 3775 829 3845 aecedentes
856 3775 900 3841 ad
924 3779 1069 3842 nostram
1084 3772 1291 3860 presenciam

166 3885 317 3970 hospites
333 3883 375 3952 de
385 3885 512 3953 Deerar
527 3885 653 3951 litteras
664 3882 865 3970 ErneyBaui
876 3882 1041 3967 quondam
1050 3879 1291 3958 Transilranie,

167 4012 269 4078 super
283 3993 437 4060 libertate
453 3991 628 4061 eorundem
639 3995 791 4060 obtentus
803 3992 898 4059 uobis
908 3991 1132 4074 exhibuerunt,
1142 3995 1292 4075 petentes

169 4099 301 4167 anobis
317 4100 508 4188 supplieiter
523 4107 557 4166 et
574 4102 706 4184 deuote,
722 4107 757 4168 ut
772 4101 877 4184 ipsam
893 4099 1079 4166 libertatem
1096 4096 1220 4164 eisdem
1236 4119 1291 4165 no-

169 4212 238 4276 stro
253 4207 427 4294 priuilegio
444 4209 655 4295 dignaremur
665 4207 867 4277 oonlirmare.
893 4207 961 4274 Nos
972 4205 1130 4290 siquidem
1157 4206 1291 4292 petiolu-

168 4315 265 4383 nibua
281 4313 460 4382 eorundem
476 4315 645 4402 inelimati,
661 4324 694 4384 et
709 4318 954 4386 ordinationem
973 4317 1084 4400 Erney
1100 4313 1184 4379 Bani
1200 4313 1289 4396 dioti,

169 4423 284 4492 dileoti
308 4431 342 4490 et
355 4423 461 4492 fidelis
477 4427 580 4494 nostri
595 4425 828 4495 inuiolabiliter
843 4425 992 4492 uolentes
1008 4423 1185 4506 observari,
1197 4422 1291 4490 duxi·

168 4552 242 4600 mus
258 4531 484 4620 annuendum3
510 4533 570 4602 sed
587 4534 664 4619 quia
679 4535 782 4603 series
798 4533 942 4621 ipsarum
959 4533 1127 4599 literarum
1148 4535 1219 4598 erut
1242 4533 1289 4598 in·

168 4643 278 4728 utilis,
305 4643 347 4711 de
361 4643 463 4716 verbe
478 4644 524 4714 ad
547 4641 682 4714 uerbum
698 4644 798 4714 soribi
813 4664 878 4716 noo
894 4628 1049 4730 lenimus3
1075 4639 1134 4713 sed
1163 4645 1291 4713 senten·
