3270 5280
638 317 741 414 „³5.
774 405 794 412 -

152 509 286 576 omnino
303 507 453 594 deposito
480 509 513 576 in
539 529 655 596 pacem
682 511 803 576 bonam
820 516 854 575 et
869 516 1003 592 rectam,
1031 509 1180 594 partibus
1196 529 1280 578 com·

153 636 285 682 munem
302 623 335 682 et
351 616 429 684 Sodi
453 616 646 702 Apostolice
671 625 843 704 acceptam
860 615 1053 684 deberemus
1069 637 1129 683 nos
1146 629 1178 684 et
1194 617 1281 684 idem

153 729 269 787 noster
286 721 370 790 filius
396 721 587 788 convenire:
605 724 753 791 adiciens
779 723 866 790 idom
891 722 1166 808 penitenciarius,
1194 725 1282 809 quod

154 828 222 896 nisi
236 829 298 896 boc
314 831 505 909 laceremus,
521 831 679 915 neglectis
695 831 843 898 omnibus
858 829 1013 916 periculis
1029 835 1062 898 et
1077 828 1284 914 quibuscum·

156 956 223 1020 qne
237 935 313 1005 aliis
330 939 596 1024 contingentibus
612 938 763 1020 sinistris,
781 958 845 1022 quo
862 946 1000 1024 possent
1017 940 1048 1005 ei
1057 939 1209 1008 accidere
1219 940 1282 1010 hac

157 1044 200 1110 de
221 1064 332 1130 causa,
359 1065 420 1112 nos
447 1045 492 1112 ad
517 1043 578 1110 heo
603 1063 663 1130 per
688 1045 1039 1112 excommunicacionis
1064 1047 1098 1112 in
1123 1067 1283 1134 personas

155 1159 287 1220 nostras
304 1159 338 1219 et
354 1153 516 1221 interdicti
541 1153 574 1220 in
600 1161 706 1220 terras
736 1161 866 1222 nostras
882 1155 1071 1222 sentencias
1088 1155 1283 1224 cohartaret

157 1261 235 1345 Ipso
251 1280 329 1328 vero
355 1257 592 1346 penitenciario
618 1260 662 1326 ad
687 1260 747 1328 bec
773 1259 883 1328 multis
908 1262 1097 1329 racionibus
1124 1269 1157 1329 et
1180 1265 1284 1332 multa

158 1370 326 1436 instancia
341 1371 525 1454 insistente,
543 1376 578 1436 nt
594 1389 712 1454 pacem
729 1376 761 1437 et
777 1369 985 1436 concordiam
995 1371 1182 1438 huiusmodi
1197 1371 1285 1440 lace·

158 1497 280 1562 remus,
306 1499 365 1546 nos
392 1477 505 1545 habito
531 1477 669 1544 consilio
695 1477 896 1544 Prolatorum
913 1484 945 1546 et
962 1480 1137 1546 Procerum
1154 1486 1285 1548 nostro·

157 1605 240 1662 rum,
256 1586 312 1670 qui
329 1592 405 1651 tunc
421 1585 578 1670 temporis
594 1584 764 1651 nobiscum
781 1583 930 1669 aderant,
948 1585 1011 1652 sibi
1027 1585 1125 1654 finale
1149 1605 1287 1671 respon·

159 1712 231 1760 sum
248 1693 400 1761 dedimus
418 1693 449 1758 in
466 1693 552 1760 bunc
577 1694 725 1760 modum:
744 1693 831 1778 quod
848 1693 1032 1760 snllicicbat
1049 1695 1090 1779 ei,
1108 1697 1137 1762 si
1153 1716 1174 1762 a
1190 1695 1287 1764 nobis

160 1810 292 1887 poterat
308 1801 468 1888 optinere,
486 1809 518 1867 et
534 1800 567 1866 in
584 1799 678 1869 nobis
696 1800 852 1887 perficere
869 1807 902 1868 et
917 1802 1065 1886 stabilire
1082 1822 1209 1888 pacem,
1226 1823 1287 1890 pro

161 1930 228 1994 qua
245 1931 266 1975 a
284 1908 370 1976 Sede
385 1909 579 1994 Apostolica
595 1909 639 1975 ad
655 1928 716 1977 nos
729 1908 836 1976 luerat
852 1909 1047 1977 destinatos.
1073 1911 1190 1978 Melius
1201 1913 1287 1980 enim

161 2027 234 2086 erat
250 2017 382 2085 firmare
409 2025 442 2084 et
468 2019 566 2084 certis
583 2019 677 2102 penis
694 2017 822 2085 vallare
836 2019 1112 2104 composicionem
1127 2019 1213 2086 inter
1228 2039 1289 2085 nos

162 2126 346 2196 ordinatam
375 2123 417 2190 de
442 2127 610 2210 utriusque
626 2127 730 2212 partis
746 2126 957 2211 beneplacito
974 2133 1007 2194 et
1022 2145 1172 2210 assensn,
1190 2146 1289 2210 quam

161 2254 222 2300 nos
240 2241 273 2302 et
288 2233 374 2301 filius
400 2241 513 2300 noster
538 2233 688 2300 volumus
715 2234 904 2320 observare,
925 2241 958 2300 et
974 2255 994 2300 a
1011 2253 1077 2316 que
1093 2254 1159 2302 non
1175 2252 1290 2319 possu-

163 2361 235 2408 mus
261 2342 331 2409 sine
357 2347 450 2409 reatu
475 2339 609 2426 periurii
635 2348 667 2407 et
689 2343 790 2408 multo
814 2341 986 2428 dispendio
1011 2341 1157 2426 resilire,
1182 2360 1290 2426 quam,

163 2452 229 2517 ista
244 2449 437 2534 interrupta,
461 2448 618 2516 inchoare
643 2453 802 2516 tractatus
827 2449 962 2518 alterius
987 2468 1072 2516 nove
1097 2450 1200 2534 pacis,
1227 2467 1290 2534 que

166 2557 279 2645 perfici
296 2557 435 2624 forsitan
461 2576 624 2641 nunquam
651 2565 784 2644 posset:
804 2567 836 2622 et
852 2565 967 2644 posset
986 2556 1187 2642 contingere,
1204 2553 1291 2639 quod

166 2667 375 2734 occasionem
392 2672 425 2730 et
442 2681 576 2730 causam
601 2665 635 2728 in
660 2663 753 2729 nobis
772 2663 905 2730 maioris
922 2663 1088 2732 discordie
1104 2670 1291 2749 generaret.

166 2775 359 2844 adicientes
376 2771 485 2855 etiam,
503 2771 588 2854 quod
604 2790 664 2837 nos
681 2779 713 2837 et
728 2771 815 2836 idem
827 2771 914 2839 lilius
930 2776 1041 2837 noster
1057 2771 1293 2856 ordinavimus,

167 2893 199 2951 et
209 2885 402 2958 juramento
419 2879 619 2952 firmavimus
637 2879 775 2946 eandem
801 2878 1076 2962 composicionem
1091 2887 1201 2948 vestro
1219 2899 1293 2947 oon·

169 2992 297 3080 spectui
314 2996 516 3076 presentare,
543 2995 577 3054 et
602 2993 638 3055 ut
654 2987 902 3054 confirmaretur
917 3007 976 3071 per
991 2985 1111 3054 Sedem
1128 2987 1293 3074 Apostoli-

168 3123 253 3186 oam,
271 3098 464 3164 deberemus
482 3094 685 3164 concorditer
700 3095 897 3180 supplicare,
914 3095 999 3160 sicut
1015 3095 1048 3160 in
1065 3094 1184 3161 litteris
1195 3113 1294 3180 super

166 3211 245 3296 ipsa
262 3203 504 3292 composicione
521 3202 678 3270 conlectis
695 3202 822 3288 plenius
834 3200 1026 3270 continetur.
1043 3201 1190 3270 Tandem
1207 3203 1294 3270 idern

170 3312 430 3404 penitenciarius
455 3309 498 3376 ad
515 3311 820 3378 corroboracionem
836 3309 929 3394 pacis
946 3315 977 3375 et
994 3310 1168 3378 concordie
1183 3328 1294 3394 procc-

169 3423 263 3508 dens,
290 3429 323 3488 et
348 3420 457 3486 multis
482 3417 754 3503 persuasionibus
779 3415 979 3484 salutaribus
1007 3434 1067 3482 noa
1086 3415 1244 3485 inducens
1261 3417 1294 3482 in

171 3529 347 3616 presencia
361 3525 561 3594 venerabilis
579 3525 683 3610 patris
698 3522 949 3608 Archiepiscopi
966 3523 1208 3608 Strigoniensis‚
1220 3524 1296 3593 aule

171 3645 286 3707 nostre
303 3633 513 3716 (lancellarii,
532 3638 565 3698 et
580 3631 791 3699 discretorum
806 3633 949 3698 virorum
965 3631 1118 3715 Magistri
1133 3632 1296 3718 Farcasii,

171 3745 282 3812 illecti
298 3746 331 3810 in
347 3741 547 3830 prepositum
572 3741 762 3820 Albensem,
779 3735 1073 3805 vice-Oancellarii
1100 3739 1211 3824 nostri,
1229 3741 1296 3809 Ma·

173 3851 270 3937 gistri
286 3851 459 3919 Mutimerii
483 3846 646 3934 Propositi
671 3846 713 3914 de
737 3848 869 3935 Scypis,
891 3847 1122 3931 Magistrorum
1139 3848 1298 3915 Demetrii

175 3959 362 4030 Borsiensis
378 3966 411 4026 et
426 3957 576 4026 Ladizlai
593 3955 795 4042 Huntyensis
811 3953 1128 4024 Archidiaconorum
1139 3956 1173 4022 in
1183 3955 1297 4026 ucale-

176 4069 226 4138 sia
242 4067 472 4152 Strigoniensi,
490 4066 640 4150 Magistri
657 4063 819 4132 Feliciani
835 4063 990 4132 Custodia
1006 4064 1171 4150 Albensis,
1188 4064 1299 4132 fratris

176 4176 280 4244 Marci
306 4173 458 4244 Custodia
484 4173 741 4260 Strigoniensis,
767 4171 882 4240 fratris
907 4171 1042 4240 Antonii
1067 4169 1225 4240 Gardiani
1257 4171 1300 4238 de

176 4283 291 4370 Lipha,
318 4283 429 4352 fratris
456 4281 549 4349 Pauli
573 4278 614 4347 de
640 4279 809 4369 Symiglo,
834 4285 868 4347 et
893 4278 1005 4346 fratris
1031 4279 1141 4346 Alexii
1166 4277 1300 4348 Ordinis

177 4385 348 4478 Minorum,
374 4389 511 4458 fratrum
526 4388 684 4472 Marcelli,
697 4387 789 4454 'Petri
805 4393 839 4456 et
855 4385 1022 4456 Theodori
1042 4387 1189 4460 Lectoris
1207 4387 1301 4454 Ordi-

177 4493 227 4573 nis
243 4501 384 4571 srauum
399 4499 654 4584 Predicatorunr,
671 4503 703 4566 et
719 4497 876 4566 nobilium
889 4498 1030 4565 virorum
1041 4496 1189 4584 Magistri
1205 4497 1301 4584 Moys

177 4614 294 4684 summi
310 4607 493 4684 camerarii
520 4606 687 4678 karissimi
712 4603 770 4674 filii
794 4607 897 4675 nostri
923 4605 1002 4678 Bele
1029 4606 1142 4774 Dagis:
1168 4605 1303 4672 Comitis
