3230 5268
415 1223 443 1288 A
467 1227 556 1311 pydrr‘
579 1223 734 1312 kdptulun
758 1217 1045 1311 de'zooyreipleuele,¹
1066 1231 1147 1312 hopy
1171 1223 1250 1310 prdf
1269 1227 1376 1311 Erney
1400 1227 1430 1289 da
1449 1221 1541 1312 prof

413 1333 507 1420 Syke,
524 1333 612 1420 Opur·
639 1333 863 1420 nemzelrdpbdl‚
887 1334 953 1397 tohb
971 1333 1198 1420 jobbdqynt'ltal
1214 1333 1411 1398 mladolkd
1426 1333 1536 1397 hocad-

860 1441 967 1505 totrdle
986 1442 1080 1504 1269.

809 1673 848 1738 A.
957 1673 994 1739 B.
1103 1673 1137 1740 C.

521 1853 706 1942 Capitulum
734 1850 885 1920 Eoeleaie
900 1849 1092 1921 Genrienaie
1110 1854 1272 1920 uniuersis
1290 1853 1411 1920 Christi
1428 1850 1533 1918 fideli-

417 1964 478 2030 hoa
497 1969 681 2049 presentem
697 1962 850 2045 pagiuam
867 1961 1064 2044 inspecturis
1079 1961 1218 2028 ealutem
1235 1962 1270 2028 in
1286 1962 1436 2028 Domino.
1452 1957 1534 2025 Vni-

415 2092 583 2139 uereorum
610 2067 729 2136 notieie
755 2077 867 2136 tenore
893 2069 1097 2153 presencium
1118 2069 1335 2152 declaramus,
1353 2068 1439 2152 quod
1455 2087 1533 2134 oon·

414 2181 532 2248 elitnlia
557 2181 590 2245 in
607 2177 711 2243 nostri
727 2178 900 2262 presencia
916 2175 1044 2245 comite
1060 2179 1188 2265 llmey,
1214 2177 1340 2245 Comite
1356 2176 1447 2263 Syke
1463 2173 1532 2240 lilio

418 2286 583 2356 Leonardi
599 2283 640 2350 de
656 2303 775 2368 genere
792 2283 903 2370 Opour
917 2306 977 2372 pro
993 2307 1030 2353 ee
1046 2295 1079 2353 et
1098 2279 1315 2372 generae'ione
1332 2305 1393 2353 eoa
1408 2285 1450 2349 ab
1465 2305 1534 2350 una

413 2403 527 2484 parte,
553 2392 678 2460 Choma
702 2391 769 2459 lilio
786 2393 921 2460 Latibur
937 2394 978 2461 de
994 2394 1096 2476 Zaira,
1114 2395 1221 2480 Syxte
1240 2395 1374 2461 Decano
1390 2391 1532 2460 Poeoni-

412 2506 485 2571 enai
503 2525 543 2571 ex
568 2501 695 2585 altera,
720 2499 818 2566 iidem
836 2499 945 2588 Emey
962 2511 995 2568 et
1011 2502 1102 2588 Syke
1120 2503 1264 2570 Comites
1281 2507 1535 2587 proposuerunt,

414 2612 500 2697 quod
517 2611 650 2678 Saulum
667 2615 701 2674 et
717 2614 782 2674 tres
798 2608 884 2676 iilioa
907 2629 995 2696 enon,
1011 2609 1129 2678 Solduz
1146 2611 1290 2694 seilicet,
1316 2609 1532 2678 Benedietum

416 2728 448 2788 et
464 2715 864 2801 Johannem,jobagionee
880 2717 961 2786 dieti
978 2718 1119 2804 Chama;
1138 2719 1216 2786 item
1231 2719 1341 2799 Iaaak,
1353 2717 1535 2800 Abraham,

414 2837 447 2898 et
460 2827 637 2909 Jacobnm,
662 2823 746 2890 lilios
771 2825 922 2911 Bythos,
948 2827 1083 2894 Paulum
1101 2826 1201 2894 lilium
1217 2825 1534 2912 Yeip,johagionea

414 2937 559 3026 Capituli
575 2934 786 3003 Poeouieneia
802 2936 843 3001 de
860 2933 939 3002 villa
961 2937 1068 3020 Apina,
1087 2934 1128 3002 de
1145 2935 1262 3019 quibua
1279 2943 1345 3003 tres
1359 2953 1532 3021 personae,

414 3046 549 3116 Saulnm
567 3041 731 3126 videlieet,
748 3042 830 3128 Yeip
845 3049 879 3110 et
893 3043 1021 3131 Hythua
1043 3045 1235 3129 antedictos,
1252 3043 1326 3111 dum
1343 3041 1455 3110 adhue
1472 3063 1535 3110 nee

412 3173 541 3230 uxorea,
566 3171 627 3218 nee
652 3149 790 3217 heredes
808 3151 976 3238 haberent,
995 3153 1102 3220 diotue
1118 3151 1234 3220 Comes
1251 3153 1353 3240 Syke,
1369 3151 1534 3237 reeipiene

414 3265 457 3331 ab
481 3263 529 3329 eia
554 3260 668 3327 deoem
693 3279 834 3344 marnae,
850 3261 937 3328 eieut
953 3269 1066 3345 partee
1082 3263 1274 3345 retulerunt,
1290 3263 1479 3329 donauerat
1497 3259 1535 3326 li·

412 3372 545 3456 hortati,
570 3370 642 3456 ipae
667 3369 783 3437 Cornea
811 3371 919 3458 Erney
944 3371 1068 3438 iecerat
1084 3369 1245 3458 impediri,
1262 3375 1343 3438 etin
1359 3368 1535 3454 preaeneia

415 3479 550 3550 Comitia
575 3479 734 3562 Stephani
759 3477 957 3564 Vieejudieie
984 3479 1079 3548 Curio
1102 3480 1227 3548 domini
1243 3480 1344 3563 Regis
1359 3479 1535 3565 repetebat

414 3599 569 3673 tanquam
594 3605 671 3655 auos
690 3587 909 3656 hereditarios
925 3587 1105 3672 libertinos,
1124 3597 1157 3656 et
1172 3587 1381 3677 portmodnm
1398 3607 1438 3655 ex
1454 3605 1534 3673 per·

415 3698 572 3765 miaeione
595 3695 715 3782 prelati
741 3693 875 3764 Comitia
900 3697 1058 3784 Stephani
1074 3697 1118 3764 ad
1134 3699 1234 3765 talem
1252 3697 1534 3782 composicionem

415 3814 449 3872 et
464 3803 691 3887 oonoordiam,
717 3804 936 3872 mediantibus
952 3812 985 3870 et
1001 3804 1253 3872 reformantibue
1277 3805 1358 3870 viria
1382 3805 1535 3892 ydoneis,

415 3917 625 3998 deuenerunt,
652 3919 747 4000 prout
773 3932 831 3997 per
847 3915 975 3980 litterae
991 3913 1094 4002 ipaiua
1111 3911 1246 3979 Comitis
1263 3913 1421 3998 Stephani
1437 3913 1534 3978 nobie

415 4020 561 4090 constitit
585 4021 775 4106 euidenter,
799 4029 834 4087 ut
857 4023 1078 4108 prenominati
1103 4023 1224 4091 Sanina
1245 4029 1278 4087 et
1293 4021 1352 4106 filij
1370 4023 1429 4105 eui,
1447 4019 1534 4088 filine

416 4131 499 4218 Yaip
515 4135 549 4196 et
564 4127 622 4214 filij
640 4129 767 4214 llythue
790 4131 956 4198 noluerent
981 4131 1068 4198 dieto
1086 4131 1205 4203 Comiti
1223 4131 1335 4218 llrney
1351 4151 1459 4198 eoram
1477 4150 1533 4196 no-

415 4241 466 4306 bie
483 4239 516 4306 in
532 4239 616 4305 festo
632 4237 726 4304 Beati
742 4235 904 4308 lohannia
919 4240 1069 4325 Baptiete
1079 4237 1250 4307 duodecim
1268 4256 1406 4322 marnae,
1417 4237 1533 4306 deeem

415 4348 529 4433 penaio
546 4365 606 4434 pro
622 4363 732 4412 maroa
749 4349 956 4432 computatio,
972 4355 1005 4414 et
1022 4348 1070 4415 eie
1091 4355 1251 4434 perpetua
1267 4347 1422 4414 libertate
1449 4347 1533 4414 frue-

415 4463 534 4522 rentur.
559 4453 631 4533 Quo
657 4453 792 4522 termino
818 4455 1012 4524 adueniente
1038 4455 1175 4542 predieti
1191 4456 1312 4540 Syxtua
1329 4455 1484 4522 Deeanue
1502 4463 1533 4520 et

417 4557 542 4632 Chaerea
565 4562 733 4630 noluerunt
759 4563 822 4648 ipai
848 4565 965 4633 Comiti
990 4567 1100 4650 Erney
1126 4582 1235 4631 eoram
1260 4561 1352 4628 nobie
1373 4561 1529 4629 tredeeim

416 4687 544 4740 mareas
569 4677 602 4736 et
629 4671 807 4754 dimidiam,
831 4671 942 4738 deoem
959 4692 1080 4761 pennae
1096 4693 1155 4760 pro
1172 4691 1283 4740 maroa
1301 4673 1531 4762 eomputando,
