3270 5280
125 1158 155 1225 A
173 1159 315 1246 aotnopya'
329 1181 372 1225 aa.
391 1159 500 1246 apyeda‘
515 1161 645 1226 mcccc
661 1155 933 1248 biaooysdplcecla,
949 1157 1027 1244 kopp
1036 1153 1179 1223 otietur·
1193 1155 1258 1221 Pet

128 1263 262 1334 Cdtt'edol
278 1263 468 1332 dirtokdncle
484 1268 581 1332 rdszdt
596 1267 704 1332 Fauna
729 1263 964 1352 pannonicam·
989 1263 1133 1348 apdtnok
1156 1263 1253 1330 becal-

594 1374 683 1444 lotto.
710 1375 807 1441 1261.

235 1568 425 1639 conuentus
438 1571 632 1642 Menanterii
649 1571 762 1639 Sancti
778 1568 900 1658 Egydij
917 1567 958 1636 de
974 1567 1111 1652 Simigio
1128 1566 1255 1634 uniuer-

124 1676 173 1744 sis
189 1684 364 1760 presentes
380 1677 511 1746 litteras
527 1679 729 1765 inspecturis
754 1684 822 1744 tarn
847 1675 1058 1762 presentibus
1086 1693 1181 1756 quam
1209 1673 1255 1740 iu-

121 1784 208 1850 tnris
225 1784 364 1852 salutem
382 1785 416 1851 in
433 1805 493 1870 eo,
510 1786 567 1870 qui
582 1791 634 1852 est
650 1786 742 1853 salus
770 1785 921 1852 omnium.
953 1781 1114 1861 Quoniam
1139 1790 1257 1848 cuncta

123 1897 306 1958 senescunt
323 1898 356 1958 ct
372 1893 482 1958 omnia
498 1898 669 1959 transcunt
679 1942 687 1976 ‚
715 1891 852 1976 expedit
867 1897 902 1956 vt
917 1909 958 1956 ea
968 1939 978 1974 ‚
1005 1910 1068 1972 quc
1085 1889 1137 1954 hic
1154 1909 1255 1975 agun-

123 2005 179 2062 tur
195 1997 306 2066 uiuaci
327 1999 509 2066 litterarum
534 2001 723 2068 testimonio
749 1997 986 2066 confirmentur.
1017 1995 1068 2061 Ad
1101 1997 1255 2064 noticiam

122 2103 226 2190 igitur
242 2107 469 2174 uniuersorum
485 2108 571 2176 serie
586 2108 791 2193 presencium
809 2107 955 2173 volumus
971 2107 1150 2191 peruenire,
1168 2104 1257 2188 quod

124 2210 248 2279 Paulus
264 2211 350 2279 filius
366 2215 541 2282 Benedicti
562 2215 603 2282 dc
629 2213 776 2302 Ghychol
802 2213 997 2282 constitutus
1023 2232 1135 2279 eoram
1160 2210 1255 2276 nobis

124 2320 298 2404 proposuit
313 2321 392 2387 rina
408 2342 509 2406 uoce,
527 2325 617 2408 quod
632 2322 674 2390 de
690 2331 780 2389 terra
795 2343 858 2390 sua
874 2319 1074 2388 hereditaria
1090 2320 1123 2385 in
1140 2319 1255 2385 eadem

123 2427 207 2492 villa
223 2426 370 2512 Chychol
387 2431 564 2514 sexaginta
579 2431 693 2515 iugera
710 2439 868 2498 terrarum
885 2429 1059 2496 arabilium
1077 2435 1110 2494 et
1128 2433 1255 2515 septem

123 2535 239 2618 iugera
257 2535 354 2602 sedes
371 2538 553 2623 curiarum,
585 2559 656 2606 cum
684 2539 862 2606 medietate
887 2537 1051 2622 nemoris,
1092 2534 1180 2618 quod
1206 2541 1256 2601 est

125 2658 226 2725 super
242 2641 375 2709 easdem
393 2645 490 2711 sedes
506 2647 687 2728 ennianum,
715 2667 777 2730 quc
803 2645 964 2710 medietas
990 2661 1121 2709 numero
1139 2642 1254 2725 uiginti

124 2749 269 2832 quinque
295 2751 584 2840 iugeracontinet‚
617 2755 750 2822 domiuo
781 2755 875 2821 Fauo
912 2753 1035 2820 Abbati
1066 2749 1256 2817 Monasterii

124 2856 244 2922 Sancti
260 2859 392 2924 Martini
410 2859 451 2927 de
468 2863 570 2930 Sacro
587 2863 698 2930 Monte
713 2861 881 2929 Pannonia
911 2881 969 2946 pro
996 2867 1120 2946 septem
1137 2859 1256 2924 marcis

125 2967 259 3047 argenti
274 2966 452 3050 ponderati
467 2969 655 3038 vendidisse
681 2983 837 3055 perpetuo
857 2970 927 3036 iure
943 2967 1198 3055 possidendam,
1224 2973 1257 3032 et

124 3089 288 3137 summam
305 3075 444 3158 pecunie
461 3097 498 3144 se
515 3075 637 3143 habere
655 3077 826 3144 consessus
843 3084 903 3143 cst.
935 3075 974 3139 In
992 3074 1086 3140 cuins
1103 3073 1149 3138 rei
1167 3073 1256 3138 testi-

126 3181 271 3246 monium
297 3182 340 3248 ad
366 3185 562 3268 peticionem
588 3186 756 3268 utriusque
782 3186 887 3272 partis
907 3183 1035 3250 litteras
1052 3189 1182 3249 nostras
1213 3181 1254 3248 si-

128 3287 204 3371 gilti
231 3291 335 3356 nostri
361 3291 537 3358 munimine
562 3292 733 3361 roboratas
759 3292 981 3360 concessimus
1012 3309 1098 3357 anno
1124 3288 1255 3355 Domini

128 3393 270 3460 M⁰.OG⁰.
306 3399 514 3482 sexagesimo
549 3401 667 3488 primo·
707 3401 828 3469 Datum
860 3397 967 3488 pridie
1001 3395 1164 3465 kalendas
1199 3396 1255 3462 Se-

129 3503 300 3587 ptcmbris.

291 3697 439 3768 (Eradetic
458 3717 475 3756 a
494 3701 710 3764 ssent-mdrtoni
722 3704 874 3780 idapdtsdg
887 3697 1109 3767 levdlidrdbwi
