3270 5280
359 1284 419 1350 IV.
438 1282 544 1348 Orhdrt
565 1280 792 1366 papu'Mdrio
814 1299 948 1364 mappas·
971 1278 1123 1363 tsrotpct
1144 1283 1291 1345 szdmdrc
1306 1287 1484 1368 nrepardritr'

411 1391 534 1474 Posepa
548 1386 671 1452 merck
686 1387 708 1450 Ι
712 1385 748 1450 V.
765 1387 849 1450 Bata
864 1385 970 1472 diruy
986 1385 1082 1450 otrctt
1096 1387 1300 1476 adonsdaydt.
1327 1393 1425 1457 1263.

466 1566 618 1636 Urbanus
634 1565 818 1652 Episcopus
842 1573 904 1632 etc.
930 1567 1103 1634 carissime
1127 1568 1161 1632 in
1187 1566 1316 1636 Christo
1333 1569 1398 1638 filie
1414 1573 1485 1638 lta-

357 1679 405 1746 rie
419 1674 541 1744 illustri
556 1675 681 1761 Regina
706 1671 852 1756 Ungarie
877 1675 1016 1741 salntem
1043 1682 1103 1741 etc.
1129 1676 1228 1743 Justa
1243 1677 1411 1746 desideria
1427 1687 1485 1746 tue

358 1783 577 1867 Celsitudinis,
594 1800 656 1864 que
673 1799 733 1868 per
749 1781 811 1847 Dei
828 1781 970 1864 gratiam
986 1781 1161 1865 vigilanter
1185 1785 1338 1852 insistere
1364 1787 1485 1854 dicitur

357 1893 509 1980 operibus
525 1889 670 1976 pietatis,
688 1888 799 1956 auditu
821 1889 963 1974 benigno
985 1892 1154 1976 suscipere
1170 1899 1203 1959 et
1218 1895 1378 1979 promptis
1394 1897 1485 1964 dele-

357 2009 483 2070 ctamur
499 1998 669 2066 affectibus
687 1995 878 2082 adimplere.
901 1999 989 2066 Sane
1006 2005 1061 2068 tua
1077 2009 1110 2067 et
1125 2001 1287 2068 carissimi
1303 2003 1335 2067 in
1353 2003 1484 2070 Christo
1533 2079 1541 2096 ,

356 2109 415 2177 tilii
431 2107 535 2177 nostri
551 2103 660 2191 B(ele)
677 2106 819 2172 Illustris
845 2106 947 2190 Regis
972 2106 1128 2190 Ungarie‚
1145 2109 1205 2175 viri
1222 2111 1278 2192 tui,
1294 2112 1409 2196 petitio
1426 2135 1484 2179 nc-

356 2218 408 2284 his
424 2215 573 2282 exhibita
588 2213 779 2280 continebat
795 2237 803 2276 ε
820 2211 915 2290 Quod
941 2233 1015 2280 curn
1040 2214 1126 2282 idem
1147 2217 1218 2282 Rex
1235 2227 1269 2283 et
1283 2227 1317 2284 tu
1333 2239 1372 2286 ac
1389 2222 1484 2288 multi

357 2323 485 2390 nobiles
500 2321 605 2406 Regni
621 2317 768 2404 Ungarie
789 2326 922 2406 propter
939 2321 1086 2388 timorem
1103 2321 1144 2388 de
1160 2323 1334 2393 Tartarica
1351 2329 1485 2396 feritate

357 2439 549 2518 conceptum
565 2428 609 2495 ad
624 2429 698 2494 loca
709 2427 873 2494 maritima
889 2429 1060 2495 transitum
1077 2429 1249 2518 fecissetis,
1267 2441 1301 2500 tu
1318 2437 1485 2504 iamdictis

356 2540 522 2610 nobilibus
538 2535 656 2623 positis
673 2536 707 2603 in
723 2536 818 2620 gravi
834 2535 1033 2604 necessitate
1052 2541 1264 2634 compatiens,
1281 2563 1340 2628 pro
1357 2553 1484 2612 susten-

355 2649 480 2716 tatione
505 2646 649 2732 ipsorum
675 2644 716 2711 de
741 2643 805 2709 tuis
831 2643 1095 2730 parafernalibus
1124 2648 1217 2714 bonis
1233 2671 1301 2716 non
1318 2655 1482 2720 modicam

356 2754 543 2841 expendisti
559 2752 698 2838 pecunie
714 2753 949 2838 quantitatenr;
982 2749 1110 2819 demum
1136 2774 1214 2822 vero
1233 2757 1320 2824 idcm
1336 2761 1409 2826 Rex
1425 2763 1483 2828 hu-

355 2864 497 2934 iusmodi
513 2863 646 2950 pietatis
671 2880 753 2946 opus
770 2863 946 2926 clementer
970 2862 1156 2947 attendens,
1176 2863 1326 2932 Castrum
1345 2869 1387 2936 de
1403 2871 1484 2936 Pos-

355 2994 437 3058 sega
468 2970 511 3037 ad
543 2991 615 3036 eum
646 2969 816 3054 pertinens
848 2969 879 3033 in
906 2967 1036 3038 Ducatu
1061 2969 1234 3038 Sclavonie
1259 2977 1481 3060 constitutum,

356 3080 537 3150 accedente
564 3081 694 3147 demum
719 3076 762 3144 ad
786 3077 820 3142 id
845 3097 1008 3144 consensu
1033 3079 1194 3145 carissimi
1221 3081 1254 3146 in
1272 3081 1395 3151 Christi
1422 3084 1482 3151 liiii

355 3191 458 3258 nostri
484 3188 643 3276 Stephani
667 3187 767 3270 Regis
786 3186 927 3254 Illustris
952 3186 1170 3272 primogeniti,
1196 3207 1235 3254 ac
1267 3191 1388 3258 nobilis
1415 3193 1479 3260 viri

355 3301 435 3366 Bcle
459 3299 561 3366 Ducis
590 3295 765 3364 Sclavonie
795 3295 866 3361 nati
900 3301 1038 3379 tuorum,
1065 3315 1193 3362 necnon
1219 3298 1424 3367 Prelatorum
1446 3310 1481 3368 et

354 3407 520 3474 Beronum
547 3403 728 3488 supradicti
753 3399 869 3486 Regni,
896 3403 956 3469 tibi
980 3401 1084 3484 Regia
1108 3404 1307 3472 liberalitate
1332 3406 1482 3494 donavit,

354 3521 452 3602 prout
468 3516 500 3580 in
516 3511 705 3599 patentibus
732 3509 852 3577 litteris
877 3509 978 3595 Regis
1005 3510 1153 3578 eiusdem
1179 3513 1339 3580 consectis
1356 3517 1479 3582 exinde

354 3622 483 3710 plenius
500 3620 617 3687 dicitur
635 3617 804 3684 contineri.
820 3616 931 3694 Quare
948 3635 1007 3702 pro
1023 3618 1126 3704 ipsius
1143 3621 1242 3703 Regis
1259 3629 1292 3686 et
1308 3629 1366 3688 tua
1382 3632 1480 3708 parte

353 3731 526 3818 petebatur
543 3748 565 3793 a
579 3725 685 3810 nobis,
705 3731 741 3794 ut
756 3725 966 3792 donationem
983 3725 1168 3792 huiusmodi
1184 3748 1249 3794 non
1268 3729 1481 3801 obstantibus
1518 3797 1522 3804 .

354 3836 640 3905 constitutionibus
656 3833 840 3914 contrariis,
866 3853 929 3916 que
955 3833 1040 3900 inter
1056 3834 1160 3899 virum
1177 3841 1209 3902 et
1224 3857 1360 3904 uxorem
1377 3840 1480 3908 dona·

353 3950 464 4018 tiones
480 3945 550 4013 fieri
566 3943 754 4031 prohibent,
771 3943 965 4028 Apostolioo
986 3961 1173 4011 curaremus
1190 3945 1367 4014 munimine
1384 3951 1480 4016 robo-

352 4077 437 4128 rare.
454 4056 522 4122 Nos
540 4055 652 4136 itaque
669 4052 1060 4118 considerantesattente
1078 4053 1130 4118 ius
1146 4052 1311 4139 prohibite
1328 4057 1479 4125 donatio-

353 4167 404 4232 nis
420 4162 608 4230 huiusmcdi
633 4182 697 4227 non
723 4178 856 4243 amare,
882 4179 943 4226 nec
969 4165 1136 4241 tamqnam
1152 4159 1236 4226 inter
1253 4159 1391 4231 infestos
1408 4166 1480 4233 iore

353 4271 574 4357 tractandum,
601 4271 662 4338 sed
687 4277 855 4354 tamquam
875 4268 959 4334 inter
976 4268 1118 4334 maximo
1148 4269 1342 4338 coniunctos
1359 4273 1481 4340 affectu

352 4387 386 4447 et
402 4381 507 4448 solam
533 4379 686 4445 timentes
712 4379 867 4461 inopiam,
895 4375 981 4457 quod
1006 4375 1153 4460 profecto
1177 4377 1221 4441 ad
1246 4378 1419 4448 donatoris
1446 4389 1480 4446 et

353 4488 525 4556 donatarie
551 4485 829 4572 magnificentiam
855 4491 1008 4568 respectu
1034 4481 1146 4549 habito
1179 4484 1283 4551 locum
1317 4489 1380 4554 sibi
1412 4508 1478 4554 non

351 4595 506 4662 vendicat
521 4595 634 4661 inhoc
652 4613 741 4674 casu,
768 4592 977 4658 donationem
1003 4591 1119 4674 ipsam,
1137 4591 1220 4656 sicut
1237 4594 1322 4658 alias
1338 4595 1478 4681 provide

352 4701 441 4769 iacta
458 4709 519 4784 est,
535 4707 642 4768 ratam
667 4707 700 4764 et
724 4699 849 4766 firmam
875 4695 1045 4781 habentes,
1073 4717 1145 4766 earn
1172 4716 1238 4763 uon
1268 4701 1478 4770 obstantibus
