3250 5268
957 950 1011 1017 52.

419 1149 441 1213 1
445 1149 482 1216 V.
499 1149 609 1216 Orbcin
618 1150 821 1238 pdponnos
835 1148 928 1235 pyllri
954 1147 1145 1232 ospmostnds
1159 1145 1345 1234 memorii,
1360 1143 1443 1232 impp
1459 1164 1543 1230 eope·

416 1259 569 1344 νωέιέρέπ
584 1258 673 1324 kiotll
687 1262 755 1324 mdo
769 1257 900 1345 opylrizi
914 1253 1119 1342 jaoadotmat
1143 1254 1305 1320 bis-lassove
1330 1256 1409 1340 mtp.
1441 1249 1540 1317 1264.

527 1433 681 1504 Urbanus
696 1436 881 1523 Episcopus
907 1443 968 1502 eto.
994 1433 1114 1502 riilooto
1140 1431 1207 1501 tilio
1231 1433 1352 1502 Jonnni
1368 1429 1542 1500 Archidis·

419 1561 502 1610 oono
517 1543 694 1630 Jooriensi,
712 1545 824 1630 nepoti
852 1543 1048 1611 venerabilis
1065 1543 1174 1609 frotris
1190 1542 1293 1609 nostri
1309 1591 1315 1606 .
1334 1589 1340 1605 .
1357 1539 1540 1626 ‚Episcopi

417 1649 603 1720 Penestrinl
620 1653 760 1721 salntem
777 1659 840 1720 eto.
873 1651 1029 1720 volentes
1054 1650 1114 1718 tibi
1129 1657 1182 1718 too
1199 1649 1384 1718 devotionis
1400 1649 1539 1732 meritis,

416 1760 532 1826 intuito
549 1778 679 1844 qnoque
705 1757 903 1827 venerabilis
925 1758 1036 1826 fratris
1051 1759 1156 1828 nostri
1172 1807 1181 1827 .
1198 1805 1207 1825 .
1224 1807 1233 1826 .
1259 1758 1420 1846 Episcopi
1434 1758 1538 1824 Pone·

415 1866 520 1951 sirini,
536 1865 630 1933 onius
646 1885 749 1953 nepos
765 1867 890 1944 existis,
912 1869 1055 1954 gratiam
1080 1865 1192 1936 looere
1207 1867 1394 1953 specialem,
1422 1865 1490 1933 tnis
1507 1869 1540 1931 et

415 1973 564 2041 eiusdem
581 1973 736 2062 Episoopi
752 1975 904 2059 preoibns
921 1976 1080 2061 inolinoli,
1101 1975 1267 2043 dovotioni
1292 1983 1358 2058 tue,
1375 1979 1412 2040 nt
1427 1979 1540 2060 preter

413 2081 727 2151 Archidiooonetum
743 2082 926 2154 Jouriensis
943 2085 1093 2153 Iioolesie
1109 2104 1220 2152 ourorn
1236 2084 1418 2151 animarum
1435 2098 1538 2146 onne-

413 2211 490 2259 xam
506 2191 693 2277 habentem,
709 2213 805 2278 quem
821 2201 854 2260 te
871 2195 1028 2262 onnonioe
1044 2194 1201 2280 proponis
1217 2193 1384 2278 adeptum,
1402 2190 1538 2254 unicum

412 2297 502 2365 alind
518 2299 774 2368 eoelesiostionnr
802 2301 1015 2385 beneficium,
1041 2305 1139 2371 etism
1156 2301 1186 2372 si
1201 2302 1243 2368 sit
1268 2304 1466 2387 personatus
1482 2296 1538 2362 vel

412 2405 568 2494 dignitas,
586 2416 619 2476 et
635 2410 752 2479 similis
778 2411 809 2476 ei
834 2431 913 2482 oure
937 2413 1113 2499 imminent,
1139 2413 1229 2479 linito
1254 2411 1411 2495 recipere,
1428 2409 1457 2474 si
1475 2407 1538 2474 tibi

410 2515 444 2580 in
460 2515 577 2600 Regno
594 2515 739 2604 Ungorie
755 2521 914 2590 onnonioe
930 2521 1093 2606 offeratur,
1110 2529 1232 2590 etcum
1249 2521 1397 2607 prodioto
1418 2516 1536 2583 Archi-

410 2621 587 2691 disoonntn
604 2626 993 2714 retineroliboreroleos,
1011 2631 1244 2699 eonstitutione
1254 2627 1429 2696 Generalis
1447 2629 1536 2695 Con-

409 2729 478 2795 oilii
493 2750 560 2798 non
576 2733 741 2818 obstante,
769 2735 965 2804 auotoritote
992 2740 1195 2824 presentium
1210 2737 1441 2821 indulgemus:
1459 2755 1537 2823 pro-

407 2839 481 2904 viso
497 2837 583 2920 quod
599 2839 895 2910 Arohirliooonotns
920 2851 953 2910 et
977 2844 1169 2913 beneficium
1197 2843 1382 2912 huiusmodi
1409 2841 1537 2909 debitis

407 2963 472 3008 non
490 2943 683 3014 fraudentur
708 2950 887 3035 obsequiis,
914 2959 947 3018 et
970 2952 1155 3018 animarum
1177 2972 1256 3019 ours
1271 2953 1304 3016 in
1321 2951 1371 3017 eis
1388 2949 1533 3016 nullate·

407 3067 468 3114 nns
484 3051 681 3136 negligatur.
712 3057 803 3124 Nulli
820 3079 898 3143 ergo
915 3067 976 3125 eto.
1002 3069 1112 3128 nostre
1128 3061 1353 3128 concessionis
1370 3067 1433 3124 eto.
1466 3059 1537 3125 Do·

406 3162 474 3221 tum
491 3159 583 3242 apud
602 3159 722 3229 Urbem
738 3165 887 3231 Veterem
915 3169 956 3233 Il.
971 3149 1087 3234 'nonas
1112 3167 1274 3252 Janusrii,
1301 3165 1535 3252 (Pontificatus

405 3259 526 3347 nostri)
541 3284 628 3334 anno
645 3269 750 3335 tertio.
1177 3252 1187 3271 ⁸

511 3459 572 3531 (IV.
587 3460 685 3516 Orbtn
699 3461 779 3536 pipo
793 3463 990 3536 Rogssstibor,
1003 3467 1134 3525 'Pheiner
1145 3469 1184 3522 id.
1199 3487 1226 3523 m
1250 3468 1271 3522 l.
1286 3469 1315 3524 k.
1326 3469 1389 3524 258.
1404 3467 1438 3540 l.)
