3250 5268
884 337 1041 440 2434

399 531 552 600 manibus
568 537 601 598 st
616 531 800 616 sumptibus
811 533 928 616 colitis,
945 531 1117 615 dequibus
1134 531 1261 616 aliquid
1278 533 1444 600 bsctcnns
1463 549 1542 598 non

399 638 565 726 percepit,
592 638 661 704 sine
676 637 718 704 de
733 646 916 708 vestrorum
932 639 1125 706 animalium
1141 639 1359 723 nutrimentis,
1376 641 1499 706 nullus
1517 654 1543 702 s

400 747 493 814 uobis
509 745 652 813 decimes
670 745 804 830 exigere
821 746 875 813 rel
890 755 1087 830 extorquere
1103 755 1283 833 presumat.
1310 746 1430 814 Liceat
1448 765 1541 830 quo·

399 873 463 939 qne
478 853 574 923 robis
589 854 725 921 clericos
741 854 794 920 rel
810 853 914 922 laicos
936 855 1056 922 liberos
1073 863 1106 922 et
1121 855 1291 923 absolutos
1307 874 1328 920 a
1344 855 1464 924 seculo
1485 853 1540 920 fn-

400 965 527 1048 gientes
543 961 587 1029 nd
616 962 864 1028 conuersionem
890 965 1037 1047 recipcre
1052 969 1085 1028 et
1101 981 1158 1030 eos
1183 964 1310 1048 absque
1336 961 1542 1031 contradic-

399 1072 487 1138 tione
513 1071 625 1154 ulique
640 1069 790 1136 retinere.
815 1069 1028 1136 Probibcmus
1053 1069 1196 1156 insuper,
1222 1081 1258 1137 ut
1277 1070 1361 1136 nnlll
1386 1069 1539 1136 lustrum

400 1184 582 1245 nestrorum
597 1183 673 1264 post
687 1175 811 1244 lactem
826 1177 859 1243 in
875 1177 1075 1244 llonssterio
1091 1183 1202 1246 uestro
1217 1177 1461 1263 professionem
1479 1177 1540 1244 fes

400 1287 449 1354 sic
464 1285 534 1351 sine
551 1285 689 1351 Abbatis
705 1282 755 1350 sni
771 1284 920 1368 licencia,
946 1283 1011 1350 nisi
1027 1283 1178 1352 arctioris
1194 1284 1367 1368 religionis
1384 1289 1536 1371 optentu

401 1393 443 1461 dc
459 1391 574 1460 eodem
589 1394 662 1459 loco
678 1391 865 1475 discedere;
882 1389 1106 1458 discedentem
1124 1409 1201 1459 vero
1212 1392 1340 1475 absque
1355 1387 1536 1460 communi

400 1501 579 1568 litterarum
605 1506 788 1568 vestrarum
814 1499 967 1566 cautione
991 1499 1103 1566 nullus
1121 1499 1243 1566 audent
1266 1501 1416 1566 retinere.
1443 1500 1537 1567 cnm

402 1617 510 1676 antmn
526 1608 681 1694 gencrale
706 1605 913 1674 interdictum
930 1615 1017 1674 terre
1033 1607 1133 1675 inerit
1141 1657 1151 1694 ,
1176 1607 1277 1676 liccat
1291 1607 1384 1676 uobis
1400 1605 1537 1674 clausis

401 1717 521 1802 ianuis,
539 1716 827 1784 excommunicetis
853 1723 885 1783 et
901 1714 1084 1784 interdictis
1102 1716 1263 1800 exclusis,
1289 1735 1355 1782 non
1380 1715 1538 1800 pulsatis

403 1827 584 1913 campanis,
602 1841 779 1908 suppressa
793 1821 1328 1908 voceDiulnuofficincelebrare;
1348 1821 1535 1890 dnmmodo

401 1953 533 2004 cansam
544 1951 610 2000 non
620 1930 778 2000 dederitis
787 1931 970 1998 interdicto.
983 1933 1112 2001 Orisme
1128 1949 1218 2016 vero,
1236 1933 1344 1999 oleum
1360 1939 1532 2012 sanctum,

403 2042 675 2111 consecraciones
690 2037 843 2105 ultorium
859 2057 917 2105 seu
941 2039 1164 2126 basilicarum,
1189 2039 1414 2108 ordinationes
1431 2037 1532 2103 cleri·

402 2171 514 2218 corum
523 2197 532 2230 ,
557 2147 612 2230 qni
628 2148 671 2214 ad
688 2146 818 2213 ordines
845 2144 965 2212 luerint
981 2145 1205 2231 promouendi,
1222 2167 1244 2214 a
1259 2145 1444 2213 Diocesano
1473 2165 1531 2212 su·

401 2256 550 2343 scipistis
568 2257 747 2342 Episcopo,
773 2253 907 2320 elidem
932 2253 1119 2323 Ostbolicns
1145 2255 1242 2324 fucrit
1263 2263 1297 2323 et
1321 2254 1465 2338 gratiam
1495 2262 1534 2321 ot

402 2364 658 2431 communionem
684 2363 786 2429 Sucro
805 2359 927 2429 Ssncle
942 2363 1088 2430 liomsnc
1105 2365 1201 2432 Sedis
1226 2363 1397 2448 habuerit,
1424 2370 1456 2429 et
1485 2381 1531 2430 ea

402 2473 496 2544 robis
524 2471 664 2538 volucrit
687 2471 760 2537 sinc
783 2471 946 2554 pronitate
974 2472 1088 2555 alique
1114 2473 1280 2540 exhibere.
1307 2472 1531 2539 Probibemns

402 2583 546 2666 insuper,
562 2584 598 2646 ut
613 2577 699 2644 infra
713 2577 794 2643 fines
810 2576 964 2663 parochie
980 2586 1101 2662 vestre,
1118 2580 1147 2645 si
1163 2599 1236 2648 earn
1252 2577 1392 2662 bebetis,
1412 2578 1528 2645 nullus

403 2689 474 2755 sine
489 2705 627 2753 assensn
643 2685 823 2753 Dioocsani
839 2685 996 2771 Episcopi
1012 2695 1046 2752 et
1060 2697 1173 2755 nestro
1189 2685 1360 2773 (lupellum
1375 2706 1434 2754 sen
1451 2705 1527 2751 ors·

404 2796 520 2862 terium
537 2793 579 2859 dc
594 2811 681 2860 nono
708 2800 894 2859 construere
911 2791 1041 2877 audeat,
1058 2795 1161 2862 saluis
1182 2793 1366 2879 priuilegiis
1391 2791 1529 2861 Pontid-

404 2920 476 2970 cnm
500 2903 729 2970 Romanorum.
758 2898 812 2967 Ad
838 2899 897 2966 bec
921 2919 1024 2969 nouas
1050 2909 1084 2968 et
1118 2902 1283 2970 indebitas
1307 2902 1454 2968 notiones
1481 2899 1530 2966 ab

403 3009 678 3098 Arcbiepiscopis,
694 3009 887 3095 Episcopis,
912 3008 1160 3077 drobidinconis
1175 3029 1235 3078 sen
1252 3011 1417 3094 Decanis,
1435 3009 1527 3074 aliis-

404 3139 467 3205 que
506 3117 658 3186 omnibus
692 3115 928 3182 ecclesiasticis
957 3116 1202 3185 secularibnsne
1241 3117 1390 3204 personis
1427 3116 1528 3184 nobis

404 3226 535 3292 omnino
551 3223 621 3290 fieri
636 3221 856 3309 probibemus.
879 3224 1086 3308 Sepulturam
1113 3241 1242 3308 quoqne
1257 3225 1345 3292 illins
1362 3222 1425 3290 loci
1441 3225 1526 3289 libe·

403 3351 472 3402 rem
489 3351 564 3399 esse
580 3329 804 3409 decernimus,
829 3340 865 3396 rt
880 3347 989 3396 eornm
1005 3329 1176 3398 denocioni
1199 3339 1233 3398 et
1248 3338 1392 3399 extreme
1407 3332 1525 3400 volun·

404 3440 474 3523 tati,
496 3439 550 3522 qni
566 3457 602 3506 se
618 3437 687 3505 illic
702 3436 834 3523 sepeliri
851 3436 1106 3504 delibersncrint
1115 3485 1123 3520 ,
1149 3439 1213 3504 nisi
1228 3439 1314 3506 forts
1330 3459 1523 3507 excommn-

402 3549 503 3616 nicnti
519 3547 572 3613 vcl
596 3545 758 3613 interdicti
775 3543 857 3627 sint,
886 3550 943 3610 ant
967 3545 1065 3612 etiam
1089 3545 1214 3631 publici
1240 3547 1386 3632 vsururi,
1410 3549 1524 3614 nullus

403 3655 562 3740 obsistat,
579 3655 676 3720 salua
693 3659 804 3719 temen
815 3651 946 3720 iusticia
962 3653 1094 3720 illarum
1104 3653 1337 3738 scelestarum,
1352 3655 1386 3720 in
1403 3655 1524 3737 quibus

404 3773 602 3832 mortuorum
619 3778 759 3845 corpore
775 3767 1049 3844 ossnmpmnntnr.
1067 3761 1384 3848 Decimsspreterea
1399 3769 1431 3827 et
1445 3780 1524 3847 pos·

404 3872 571 3940 sessiones
588 3869 630 3936 ed
646 3870 697 3937 ins
723 3869 946 3938 Ecclesiamm
970 3875 1154 3937 vestrarum
1182 3876 1393 3954 spectantes,
1420 3887 1484 3953 qne
1500 3889 1525 3935 a

402 3981 497 4048 laicis
513 3979 708 4061 detinentur,
724 3977 907 4044 redimendi
924 3984 956 4043 et
971 3977 1118 4063 legitime
1134 3977 1296 4045 liberandi
1311 3979 1355 4046 de
1372 3977 1525 4044 menibus

403 4104 535 4172 eornm,
552 4091 585 4152 et
600 4085 644 4152 nd
660 4085 846 4166 Ecclesiae,
874 4085 918 4152 ed
934 4103 1017 4169 qnos
1033 4087 1197 4171 pertinent
1221 4086 1398 4152 reuocandi
1416 4084 1525 4151 libers

402 4195 447 4263 sit
461 4193 555 4260 nobis
568 4192 730 4258 denostra
746 4191 942 4259 anctoritate
952 4193 1104 4259 facultas.
1122 4190 1273 4260 Obcnnte
1284 4212 1360 4259 vero
1376 4199 1420 4277 te,
1435 4211 1524 4258 nnnc

403 4301 550 4371 eiusdem
561 4299 626 4368 loci
640 4297 781 4384 Abbate,
798 4300 987 4367 veltuorum
998 4298 1143 4384 quolibet
1158 4317 1394 4378 successorum,
1411 4299 1525 4367 nullus

403 4407 525 4476 ibidem
541 4407 688 4491 quelibet
703 4407 917 4493 surreptionis
927 4407 1050 4474 astutia
1065 4425 1124 4475 scu
1143 4407 1300 4474 violentia
1312 4413 1524 4494 proponetur,

403 4515 467 4584 nisi
484 4533 581 4598 quem
597 4513 718 4584 frenes
734 4517 894 4583 communi
911 4533 1073 4583 consensu
1099 4514 1151 4583 vel
1167 4514 1303 4582 lustrum
1323 4517 1429 4583 maior
1445 4533 1524 4600 pars

404 4623 533 4689 consilii
548 4623 689 4691 sanioris
705 4623 882 4691 secundum
899 4625 1003 4690 Deum
1024 4630 1057 4692 et
1072 4623 1168 4692 Beati
1189 4623 1361 4692 Benedicti
1376 4623 1524 4708 regulum
