3250 5268
885 315 1044 422 ...¹3⁸2

407 509 486 580 stris
496 515 529 578 ct
540 507 733 594 Apostolice
742 507 839 578 Sedis
850 511 1018 596 obsequiis
1035 510 1231 584 familiarius
1240 511 1411 582 adterere
1424 512 1547 598 Super

407 617 470 688 hoc
494 623 602 686 autem
624 624 795 703 presentes
821 619 952 688 litteras
978 618 1037 686 libi
1065 617 1219 690 duximus
1246 621 1279 688 in
1305 619 1549 688 testimoninm

408 723 646 796 concedendas.
667 725 788 794 Datum
813 723 952 796 viterbii
977 723 1061 794 lllll.
1088 725 1165 796 Idus
1181 729 1272 808 Julii,
1300 726 1547 816 (Pontificatus

407 831 526 924 nostri)
543 855 630 904 anno
647 835 802 904 secundo.
818 869 862 884 -·

495 1029 557 1101 (lv.
570 1031 711 1090 Kelemen
724 1029 802 1105 pdps
813 1031 1008 1106 nautium,
1022 1031 1150 1092 Theinsr
1159 1033 1198 1091 id.
1212 1051 1248 1090 m.
1263 1035 1282 1090 Ι.
1296 1032 1324 1090 k.
1335 1033 1397 1090 288.
1409 1031 1449 1106 l.)

833 1300 878 1308 ⁸.-
885 1299 1098 1308 —n———nn-—nu

939 1885 995 1950 Μ.

405 2064 463 2132 IV.
481 2064 625 2132 Koloenon
639 2066 729 2151 pdpa
747 2065 877 2144 laterior,
893 2017 1014 2149 ciacon
1037 2062 1203 2127 udtcrztott
1227 2060 1370 2128 calocero·
1394 2065 1425 2128 ds
1440 2065 1538 2131 deieci

707 2197 709 2201 ’
746 2171 862 2236 e‘rselcet
878 2171 1062 2257 rasperdeiti.
1083 2169 1181 2234 1266.

509 2371 663 2439 clemens
679 2371 864 2457 Episcopus
881 2377 943 2440 etc.
957 2369 1080 2438 dilecto
1092 2368 1159 2436 filio
1170 2366 1339 2454 Stephano
1351 2369 1533 2438 colocensi

404 2484 437 2546 et
452 2477 628 2548 Bachiensi
643 2479 768 2564 Electo,
785 2480 924 2546 salutem
952 2485 1013 2546 etc.
1040 2475 1210 2546 Colocensi
1227 2484 1259 2544 et
1274 2477 1452 2547 Bachiensi
1467 2480 1534 2546 leo-

406 2587 527 2673 elesiis,
542 2607 606 2673 que
622 2589 817 2657 auctoritate
834 2587 1026 2671 Apostolica
1042 2593 1117 2652 sunt
1133 2587 1233 2670 unite,
1245 2585 1386 2670 pastoris
1403 2587 1532 2657 solatio

404 2695 581 2776 destitutis,
599 2695 713 2764 dilecti
737 2693 795 2762 lilii
827 2695 981 2780 capitula
1007 2691 1194 2761 earumdem
1219 2692 1442 2762 Ecclesiamm
1469 2715 1533 2784 per

404 2805 491 2872 siam
507 2804 731 2891 compromissi
747 2800 791 2869 ad
813 2803 1031 2889 provisionem
1049 2804 1196 2890 ipsarum
1223 2803 1445 2872 Ecclesiarum
1471 2826 1531 2872 un·

403 2911 556 2982 animiter
570 2909 797 3000 procedentes,
814 2917 847 2980 te
864 2921 940 2979 tunc
957 2911 1173 3000 Capelianum
1197 2917 1341 2979 nostrum
1368 2919 1400 2980 ct
1424 2913 1530 2982 Poso-

404 3021 551 3092 niensem
567 3022 781 3108 Prepesitum,
798 3021 944 3090 Bononia
965 3021 1144 3088 litterarum
1168 3019 1277 3088 studio
1303 3020 1525 3105 insistentem,

400 3132 598 3218 inipscrum
624 3127 846 3198 Ecclesiarum
871 3129 1166 3215 Archiepiscopum
1196 3137 1229 3194 et
1256 3135 1422 3213 pastorem
1450 3149 1529 3198 con·

405 3239 548 3309 corditer
571 3239 748 3325 elegerunt.
777 3237 869 3304 Licet
896 3243 1026 3323 autem,
1051 3242 1242 3323 presentato
1271 3235 1365 3303 nobis
1391 3233 1528 3304 decreto

403 3347 573 3420 electionis
588 3345 785 3433 huiusmodi,
796 3345 975 3432 procedere
992 3343 1235 3413 intenderemus
1252 3345 1295 3413 ad
1312 3345 1530 3415 examinatio·

401 3477 476 3527 nem
492 3457 606 3546 ipsius,
623 3455 702 3542 quia
717 3460 826 3522 temen
853 3453 1055 3539 quorundam
1083 3449 1321 3522 canonicorum
1348 3453 1528 3522 earundem

401 3563 624 3633 licelesiarum
640 3565 769 3632 litteras
785 3562 972 3656 recepimus
990 3560 1206 3647 continentes,
1223 3561 1312 3646 quod
1337 3569 1414 3632 ante
1441 3565 1528 3631 elec

401 3674 524 3742 tionem
540 3671 647 3761 ipsam
662 3671 804 3756 quedam
820 3671 889 3740 alia
903 3673 936 3738 in
961 3669 1084 3739 eisdem
1109 3669 1268 3740 Ecclesiis
1297 3673 1339 3740 de
1364 3671 1526 3760 Magistro

402 3781 570 3852 Demetrio
588 3779 833 3850 Archidiacono
850 3779 893 3850 de
908 3781 991 3849 Bors
1008 3779 1042 3848 in
1059 3779 1209 3852 Ecclesia
1231 3779 1449 3866 strigoniensi
1473 3800 1527 3850 ce·

402 3889 533 3960 lebrata
548 3889 657 3961 iuerat
674 3891 803 3978 electio,
821 3890 854 3958 in
871 3889 963 3959 cuius
978 3888 1127 3958 fraudem
1144 3895 1176 3958 et
1199 3889 1409 3978 preiudicium
1434 3897 1526 3978 post·

401 3999 531 4071 modum
547 4001 592 4070 ad
608 3999 789 4070 secundam
806 3997 1002 4069 electionem
1020 3999 1060 4068 de
1077 4005 1109 4066 tc
1125 3998 1233 4067 extitit
1258 3997 1299 4067 de
1314 3998 1405 4070 lacto
1420 3999 1527 4086 prima

401 4128 467 4179 non
482 4114 615 4179 cassata
631 4129 829 4198 processum,
845 4129 905 4178 nos
922 4110 1070 4178 volentes
1086 4108 1120 4176 in
1136 4107 1201 4176 hiis
1226 4128 1298 4178 cum
1320 4109 1432 4179 debita
1454 4129 1525 4178 ma·

400 4219 534 4290 turitate
549 4219 739 4306 procedere,
757 4223 793 4289 ut
808 4218 1001 4288 examinata
1017 4218 1166 4304 veritate,
1183 4217 1357 4304 unicnique
1367 4218 1417 4286 ius
1428 4237 1524 4286 suum

399 4335 586 4401 servaretur
600 4329 739 4414 illesum,
764 4329 884 4399 lestum
910 4327 1004 4396 Beati
1029 4327 1183 4398 Nieholai
1212 4327 1362 4416 proximo
1387 4325 1524 4414 preteri-

399 4447 467 4510 tum
482 4441 654 4510 tcrminum
678 4439 931 4530 peremptorium
958 4437 1109 4510 duximus
1134 4435 1367 4526 prefigendum,
1394 4441 1431 4505 ut
1455 4433 1529 4540 ‘iuli

401 4567 537 4634 cumque
551 4551 653 4620 vellet
671 4549 858 4620 huiusmodi
882 4549 1022 4638 primam
1047 4547 1241 4620 electionem
1267 4541 1444 4616 defendere
1470 4545 1522 4648 rel

400 4655 501 4727 aliam
518 4657 719 4746 impugnare,
736 4665 942 4748 compareret
961 4679 1019 4746 per
1046 4678 1102 4742 so,
1128 4657 1182 4730 vel
1208 4676 1267 4744 per
1291 4659 1521 4744 procuratores
