3248 5274
128 565 158 624 ut
173 576 244 624 eam
263 561 397 640 uterque
412 561 554 622 restrum
570 561 719 643 procuret
732 577 789 642 per
799 555 917 624 Sedem
928 557 1154 645 Apostolieam
1166 577 1240 628 cou-

125 667 255 749 firmari,
272 671 368 753 prout
385 666 417 732 in
434 664 593 750 predictis
609 663 726 732 litteris
742 665 870 751 plenius
882 665 1062 733 dinoscitur
1072 667 1243 734 contineri.

125 775 194 842 Nos
209 772 308 858 igitur
323 774 538 856 attendentes,
556 773 645 858 quod
664 773 795 842 nonnisi
811 773 844 842 in
856 791 941 860 pace
956 774 1173 862 coliturpecis
1183 795 1240 842 au·

124 889 204 967 otor,
220 889 286 948 tam
303 881 378 965 tuis,
390 899 484 965 quam
497 883 642 949 eiusdem
655 881 757 965 Regis
768 881 901 949 Boemie
914 879 1067 967 precibus
1087 881 1245 968 inclinati,

123 1009 237 1076 pacem
249 989 366 1078 ipsam,
383 998 479 1074 prout
494 991 622 1057 salubri
640 989 827 1058 concilicet
848 989 1087 1060 deliberatione
1102 991 1245 1076 prouida

124 1100 202 1167 inite
229 1105 298 1185 est,
324 1099 518 1167 auctoritate
549 1097 740 1185 Apostolica
772 1097 998 1168 confirmamus
1025 1103 1058 1166 et
1081 1101 1244 1184 presentis

124 1208 236 1294 scripti
253 1207 432 1295 patrocinio
457 1207 703 1292 communimus,
720 1219 865 1276 tenorem
892 1205 1071 1275 litterarum
1086 1207 1243 1293 ipsarum,

124 1319 175 1402 qui
192 1319 289 1386 nobie
305 1319 367 1385 sub
384 1317 502 1402 sigillis
518 1315 690 1384 autenticis
706 1325 773 1384 tam
790 1335 832 1383 ex
847 1321 940 1403 parte
956 1324 1023 1401 tua,
1040 1333 1137 1400 quem
1154 1315 1242 1384 eius·

124 1431 196 1496 dem
212 1429 311 1513 Regis
327 1426 460 1494 Boemic
477 1422 538 1492 luit
554 1425 728 1511 exhibitur,
745 1427 786 1493 de
812 1427 914 1493 verbo
939 1425 982 1492 ad
1008 1424 1143 1492 rerbuur
1170 1442 1241 1509 pre·

123 1539 267 1607 sentibus
283 1533 382 1604 inseri
399 1535 571 1604 iacientes.
587 1534 651 1614 Qui
667 1535 745 1602 talis
760 1541 812 1602 est
828 1557 835 1599 :

228 1644 435 1713 Othecharus
460 1641 522 1711 Dei
547 1643 660 1729 gracia
684 1643 753 1709 Rex
774 1643 918 1728 Boemie,
936 1637 1011 1708 Dux
1028 1637 1160 1709 Austrie
1176 1640 1240 1709 stb.

122 1763 300 1848 (lrdvetlrozilr
317 1763 353 1817 Π.
370 1761 477 1818 Otakar
493 1761 557 1816 cseh
572 1759 721 1832 kirtlynelr
738 1779 770 1816 au
796 1761 908 1824 1271-ki
924 1759 1119 1833 meyer-meh
1143 1757 1241 1814 bdlr'es·

121 1875 211 1948 segrd'l
236 1873 346 1928 kiedott
370 1869 526 1940 okrndnya‚
551 1869 681 1941 melynck
706 1869 838 1942 ldnyeges
861 1871 938 1926 rdsue
954 1865 1097 1924 olvaehettd
1113 1865 1240 1938 chdrndl

122 1983 188 2037 coe.
204 1981 282 2053 nrpr.
298 1979 333 2034 v.
351 1979 378 2033 r
395 1977 416 2032 r.
434 1996 455 2031 r.
472 1985 532 2040 113.
549 1975 580 2044 r.)

226 2080 316 2148 Nulli
331 2098 408 2166 ergo
424 2079 553 2145 omniuo
569 2077 733 2144 hominum
750 2077 848 2146 liceat
863 2077 950 2146 hanc
963 2079 1116 2166 paginam
1127 2082 1240 2146 nostre

121 2187 376 2260 confirmationis
393 2187 579 2274 intringere,
596 2189 649 2256 rel
666 2189 697 2255 ei
714 2207 795 2255 ausu
810 2186 985 2255 munerario
1003 2185 1176 2254 contraire.
1203 2185 1238 2254 Si

122 2302 192 2385 quio
209 2305 320 2365 eutem
337 2299 399 2364 hoc
415 2303 610 2384 attemptare
626 2297 877 2383 presumpserit,
893 2295 1152 2383 indignationem
1164 2293 1237 2362 Om-

120 2407 300 2495 nipotentis
316 2405 378 2475 Dei
395 2413 427 2472 et
440 2405 614 2472 Beatorom
632 2405 720 2473 Petri
736 2411 769 2472 et
796 2405 890 2472 Pauli
916 2403 1143 2491 Apostolorum
1169 2405 1239 2471 eius

120 2540 155 2586 se
172 2515 300 2584 noverit
314 2516 520 2584 incursurum.
537 2513 657 2582 Datum
674 2514 828 2582 Laterani
843 2513 902 2580 ΙΙΙ.
920 2515 1034 2581 Nonas
1050 2511 1140 2596 licii,
1156 2512 1239 2578 Pon·

119 2627 262 2694 tidcetus
278 2625 379 2693 nostri
395 2642 481 2691 anno
496 2623 616 2728 primo..

148 2841 196 2912 (X.
211 2838 340 2911 Gergely
352 2836 428 2912 pdpa
440 2835 628 2912 Regeetdibdl
641 2835 817 2895 'l'lreinerndl
829 2836 1013 2894 Monumente
1026 2835 1047 2891 1.
1061 2835 1089 2891 ir.
1102 2835 1162 2892 295.
1177 2835 1207 2906 Ι.)
