3250 5268
574 367 736 470 „oa-

8 636 9 646 χ
90 562 235 630 omnium
252 563 316 632 soli
333 563 526 648 perveniunt
541 562 617 632 fidei
638 563 807 633 catholiea
824 563 1037 649 professores,
1055 581 1216 646 quamque

7 659 9 737 l
47 726 50 740 .
88 671 187 756 Regis
204 672 314 739 eterni
340 670 527 755 benignitas
554 679 631 757 post
655 671 726 737 eius
751 671 784 737 in
811 672 880 739 ulta
895 666 1036 738 aelorum
1053 669 1217 736 assensio·

89 796 160 843 nem
177 779 369 847 mirabilem
384 779 558 865 peruenire
575 780 677 848 voluit
692 799 786 848 suam
803 779 964 846 collentes
990 777 1217 848 beatissimam

89 884 270 954 Deitatem.
286 887 325 954 Si
339 906 418 955 vero
433 887 498 973 ipsi
514 907 571 956 cor
588 907 681 956 suum
697 873 868 974 posuerint
884 886 1105 971 adamantem,
1120 886 1169 950 ita
1184 887 1220 949 ut

3 978 5 1066 Ῐ
88 1011 148 1059 neo
163 994 246 1078 igne
263 993 424 1088 auritatip,
438 1015 500 1063 nee
517 999 675 1065 memoria
692 996 865 1064 Dominiea
882 993 1058 1081 passionis,
1082 1011 1144 1060 nee
1160 990 1217 1056 Di-

2 1182 3 1201 *
88 1100 156 1167 vini
171 1103 270 1170 uerbi
286 1105 406 1171 malleo
421 1102 680 1190 confringantur,
697 1107 854 1190 iilumque
869 1106 1103 1190 oontempnant
1118 1117 1218 1184 agno-

88 1229 192 1295 scere,
210 1211 286 1280 sine
302 1211 394 1282 euius
419 1215 507 1282 uultu
535 1215 659 1282 eelebri
674 1221 707 1281 et
723 1213 843 1282 devoto
869 1211 976 1281 omnis
991 1210 1084 1278 labor
1100 1206 1219 1274 amitti·

88 1325 150 1404 tur,
168 1326 205 1388 et
221 1339 390 1406 nunquam
405 1322 449 1390 ad
464 1325 678 1410 oslipatriam
689 1322 898 1409 pervenitur3
915 1341 975 1390 voa
990 1339 1032 1386 ex
1048 1323 1126 1387 tune
1142 1334 1218 1383 eon-

92 1433 143 1494 tra
169 1429 363 1500 huiusmodi
378 1432 566 1517 baptizatos
592 1434 758 1502 Cumanos
771 1431 828 1498 ,ad
852 1429 1116 1500 observationem
1141 1423 1220 1490 fidei

90 1538 351 1624 compellendos,
376 1558 436 1609 nee
462 1561 526 1608 non
554 1547 669 1608 eontra
693 1541 837 1624 reliquos
862 1540 1046 1616 uniuersos,
1061 1535 1118 1620 qui
1132 1534 1220 1600 viam
1333 1625 1335 1632 γ

90 1645 245 1714 ueritatis
270 1646 428 1734 effugiunt
452 1653 485 1715 et
508 1649 592 1716 lueis
617 1649 797 1736 aggregari
821 1646 897 1716 filiis
922 1645 1152 1732 dedignantur,
1177 1641 1220 1713 de

89 1751 207 1836 Regno
225 1755 299 1841 ipso
316 1757 453 1841 eiusque
477 1757 597 1826 tinibus
621 1757 752 1844 penitus
780 1753 1007 1842 expellendos,
1032 1771 1092 1840 per
1110 1769 1170 1819 vos
1187 1756 1221 1816 et

90 1862 185 1941 alios,
202 1863 389 1950 inquorum
406 1865 507 1936 labiis
524 1865 637 1935 Diriui
653 1863 776 1951 eloquii
800 1865 910 1952 gratia
932 1865 975 1930 rit
999 1859 1131 1945 diffusa,
1147 1876 1220 1926 rer·

1 2047 2 2050 ¹
90 1969 169 2036 bum
195 1971 307 2040 orueia
332 1979 399 2040 tam
425 1975 456 2040 in
482 1974 652 2062 Ungaria,
677 1975 816 2043 Paionia
842 1979 877 2042 at
901 1972 1044 2056 Boemia,
1072 1985 1171 2052 quam
1186 1967 1220 2038 iu

1 2073 2 2104 ¹
91 2078 232 2148 dustria
247 2086 282 2148 et
297 2084 374 2151 aliis
389 2083 571 2170 provinciis
581 2085 688 2152 eidem
699 2086 812 2171 Regno
828 2082 1057 2152 adimentibus
1072 2077 1220 2166 prediee·

1 2179 2 2190 ’
90 2185 142 2252 tis.
161 2187 236 2256 Nos
252 2191 340 2258 enim
357 2191 399 2259 de
414 2191 656 2280 omnipotentis
677 2191 741 2260 Dei
756 2191 980 2282 misericordia
996 2196 1030 2257 et
1044 2187 1221 2255 Beatornm

1 2329 2 2334 =
91 2291 180 2361 Petri
198 2303 233 2364 et
248 2298 344 2366 Pauli
359 2299 590 2386 Apostolorum
606 2303 677 2369 eius
701 2302 899 2369 auctoritate
923 2295 1047 2381 eonfisi,
1072 2292 1222 2363 omnibus

91 2421 169 2470 rere
186 2405 415 2490 penitentibus
431 2415 465 2476 et
480 2411 652 2498 confessis,
669 2411 725 2496 qui
740 2415 876 2498 propter
890 2409 963 2495 boo,
980 2405 1086 2474 nouis
1097 2421 1219 2474 esaum-

91 2521 148 2597 pto
181 2515 371 2602 signaculo,
395 2519 562 2604 negotium
588 2519 771 2588 huiusmodi
796 2519 919 2588 devota
947 2521 1055 2584 menta
1080 2521 1114 2582 et
1136 2529 1222 2600 pura

94 2621 302 2692 consolantia
316 2635 565 2717 prosequentur,
590 2629 682 2696 illam
702 2625 911 2696 oonoedimus
926 2625 1056 2696 reniam
1071 2627 1222 2709 peecato-

92 2749 175 2817 rum,
202 2731 356 2819 idemque
379 2723 587 2823 privilegium
614 2737 811 2822 elargimur,
837 2755 900 2820 que
923 2731 1169 2804 transeuntibus
1187 2725 1223 2792 in

94 2843 181 2906 terre
198 2846 314 2910 saneta
330 2845 512 2914 subsidium
537 2847 570 2913 in
595 2847 752 2914 Generali
777 2844 922 2915 coneilio
937 2865 958 2912 a
974 2841 1060 2911 Sede
1081 2842 1222 2926 Aposto-

93 2945 158 3016 lioa
175 2957 257 3018 sunt
281 2969 447 3020 eonoessa.
479 2954 638 3021 Volumus
663 2961 784 3038 autem,
810 2959 846 3021 ut
871 2948 1087 3038 predicationi
1108 2945 1224 3027 erneis,

94 3075 158 3140 que
174 3059 373 3128 auotoritate
388 3061 581 3148 Apostolioa
605 3061 642 3129 fir
664 3083 724 3149 pro
748 3059 894 3130 subsidio
910 3057 1057 3138 Livonie,
1073 3052 1224 3140 euronio,
1265 3087 1271 3098 ·

94 3163 234 3256 Estonie
249 3187 290 3234 ae
304 3169 448 3257 Pruseie,
464 3170 590 3238 nullum
607 3189 648 3236 ex
664 3168 851 3237 huiusmodi
869 3166 1095 3254 predioatione
1111 3166 1223 3230 restra

94 3273 312 3358 preindioium
329 3284 513 3362 generetur.
529 3296 530 3300 ’
545 3277 610 3346 Vos
636 3279 750 3363 itaque
773 3273 958 3343 huiusmodi
982 3271 1146 3359 negotium
1162 3267 1224 3334 sub

1 3471 2 3474 Ἴ
94 3379 217 3452 lidueia
233 3385 329 3454 vobis
353 3385 491 3471 speeiali
516 3386 737 3467 oommissum,
762 3385 811 3454 sie
836 3384 1004 3471 sapienter
1029 3386 1063 3447 et
1086 3375 1225 3443 fideliter
1261 3416 1265 3426 ψ

1 3489 2 3534 ³
95 3493 217 3578 exequi
233 3492 409 3580 studeatis,
436 3500 473 3561 ut
496 3493 654 3582 predictis
679 3493 764 3580 Regi
788 3499 822 3560 et
845 3494 961 3576 Regno
981 3487 1093 3558 votiva
1109 3480 1226 3552 exinde

95 3603 282 3672 oonsolatio
299 3610 332 3670 et
345 3602 443 3670 nobis
456 3603 642 3691 spiritualis
656 3601 831 3672 multitudo
845 3601 958 3679 letitie,
981 3617 1022 3666 ao
1037 3595 1132 3666 robis
1147 3608 1221 3679 gra·

1 3799 2 3802 Ἴ
94 3712 142 3778 tie
157 3709 282 3779 Divina
296 3711 455 3798 premium
476 3719 510 3778 et
535 3711 658 3781 favoris
674 3711 777 3779 nostri
792 3710 964 3797 proveniat
979 3705 1223 3774 incrementum.

94 3819 219 3891 Datum
237 3818 328 3907 apud
344 3818 466 3891 Urbem
481 3819 634 3890 Veterem
649 3819 692 3888 ΙΙ.
708 3817 785 3888 Idus
800 3818 890 3900 tulii,
924 3810 1153 3903 (Pontitieatos
1168 3827 1225 3876 no·

94 3926 172 4017 stri)
189 3947 280 3995 anno
294 3927 402 3996 tertio.

174 4107 264 4178 ⁶(1V·
278 4103 377 4166 Orbdn
389 4101 469 4177 pdpa
482 4104 683 4178 Regestdibbl,
703 4103 830 4162 Tbeiner
839 4101 876 4160 id.
891 4117 927 4154 m.
941 4098 962 4157 1.
976 4097 1005 4156 k.
1018 4098 1081 4156 269.
1092 4095 1125 4170 l.)
1210 4127 1212 4132 ·
1243 4191 1247 4205 Ι
