<?xml version="1.0" encoding="UTF-8"?>
<!DOCTYPE html PUBLIC "-//W3C//DTD XHTML 1.0 Transitional//EN"
    "http://www.w3.org/TR/xhtml1/DTD/xhtml1-transitional.dtd">
<html xmlns="http://www.w3.org/1999/xhtml" xml:lang="en" lang="en">
 <head>
  <title>
</title>
<meta http-equiv="Content-Type" content="text/html;charset=utf-8" />
  <meta name='ocr-system' content='tesseract 3.04.00' />
  <meta name='ocr-capabilities' content='ocr_page ocr_carea ocr_par ocr_line ocrx_word'/>
</head>
<body>
  <div class='ocr_page' id='page_1' title='image "./codexdiplomatic07wenzgoog_0203.png"; bbox 0 0 3230 5268; ppageno 0'>
   <div class='ocr_carea' id='block_1_1' title="bbox 636 1008 705 1074">
    <p class='ocr_par' dir='ltr' id='par_1_1' title="bbox 636 1008 705 1074">
     <span class='ocr_line' id='line_1_1' title="bbox 636 1008 705 1074; baseline -0.014 0"><span class='ocrx_word' id='word_1_1' title='bbox 636 1008 705 1074; x_wconf 74' lang='lat' dir='ltr'>ns</span> 
     </span>
    </p>
   </div>
   <div class='ocr_carea' id='block_1_2' title="bbox 1 1203 1236 1403">
    <p class='ocr_par' dir='ltr' id='par_1_2' title="bbox 1 1149 1236 1403">
     <span class='ocr_line' id='line_1_2' title="bbox 111 1203 1236 1296; baseline -0.011 -15.158"><span class='ocrx_word' id='word_1_2' title='bbox 111 1208 248 1296; x_wconf 70' lang='lat' dir='ltr'>Spuloto</span> <span class='ocrx_word' id='word_1_3' title='bbox 261 1211 356 1274; x_wconf 74' lang='lat' dir='ltr'>odrcs</span> <span class='ocrx_word' id='word_1_4' title='bbox 379 1210 502 1295; x_wconf 71' lang='lat' dir='ltr'>kdzatpe</span> <span class='ocrx_word' id='word_1_5' title='bbox 518 1231 558 1272; x_wconf 75' lang='lat' dir='ltr'>aa.</span> <span class='ocrx_word' id='word_1_6' title='bbox 584 1207 718 1274; x_wconf 64' lang='lat' dir='ltr'>nossa</span> <span class='ocrx_word' id='word_1_7' title='bbox 743 1203 949 1292; x_wconf 78' lang='lat' dir='ltr'>templomttra</span> <span class='ocrx_word' id='word_1_8' title='bbox 975 1205 1148 1272; x_wconf 76' lang='lat' dir='ltr'>eometozc</span> <span class='ocrx_word' id='word_1_9' title='bbox 1168 1229 1236 1294; x_wconf 78' lang='lat' dir='ltr'>cpy-</span> 
     </span>
     <span class='ocr_line' id='line_1_3' title="bbox 1 1312 1177 1403; baseline -0.022 -14"><span class='ocrx_word' id='word_1_10' title='bbox 1 1313 2 1347; x_wconf 69' lang='lat' dir='ltr'>r</span> <span class='ocrx_word' id='word_1_11' title='bbox 178 1315 255 1380; x_wconf 63' lang='lat' dir='ltr'>tnui</span> <span class='ocrx_word' id='word_1_12' title='bbox 270 1317 415 1403; x_wconf 73' lang='lat' dir='ltr'>utdjopcs</span> <span class='ocrx_word' id='word_1_13' title='bbox 430 1339 468 1381; x_wconf 77' lang='lat' dir='ltr'>ue</span> <span class='ocrx_word' id='word_1_14' title='bbox 484 1317 592 1383; x_wconf 71' lang='lat' dir='ltr'>odoni</span> <span class='ocrx_word' id='word_1_15' title='bbox 606 1313 804 1402; x_wconf 81' lang='lat' dir='ltr'>kdptclouro</span> <span class='ocrx_word' id='word_1_16' title='bbox 818 1312 956 1378; x_wconf 63' lang='lat' dir='ltr'>mima</span> <span class='ocrx_word' id='word_1_17' title='bbox 971 1312 1063 1380; x_wconf 68' lang='lat' dir='ltr'>altat,</span> <span class='ocrx_word' id='word_1_18' title='bbox 1080 1314 1177 1380; x_wconf 68' lang='lat'><em>1267,</em></span> 
     </span>
    </p>
   </div>
   <div class='ocr_carea' id='block_1_3' title="bbox 1 1513 1380 4765">
    <p class='ocr_par' dir='ltr' id='par_1_3' title="bbox 1 1513 1380 4765">
     <span class='ocr_line' id='line_1_4' title="bbox 1 1513 1238 1604; baseline -0.002 -23"><span class='ocrx_word' id='word_1_19' title='bbox 1 1587 2 1604; x_wconf 13' lang='grc' dir='ltr'>χ</span> <span class='ocrx_word' id='word_1_20' title='bbox 219 1515 259 1581; x_wconf 92' lang='lat' dir='ltr'>In</span> <span class='ocrx_word' id='word_1_21' title='bbox 274 1516 404 1582; x_wconf 90' lang='lat' dir='ltr'>nomine</span> <span class='ocrx_word' id='word_1_22' title='bbox 423 1513 490 1581; x_wconf 89' lang='lat' dir='ltr'>Dei</span> <span class='ocrx_word' id='word_1_23' title='bbox 513 1515 617 1583; x_wconf 87' lang='lat' dir='ltr'>eterni</span> <span class='ocrx_word' id='word_1_24' title='bbox 635 1515 747 1580; x_wconf 84' lang='lat' dir='ltr'>Amen.</span> <span class='ocrx_word' id='word_1_25' title='bbox 769 1516 865 1583; x_wconf 83' lang='lat' dir='ltr'>Auno</span> <span class='ocrx_word' id='word_1_26' title='bbox 892 1513 1140 1581; x_wconf 83' lang='lat' dir='ltr'>lucarnaeionis</span> <span class='ocrx_word' id='word_1_27' title='bbox 1166 1514 1238 1598; x_wconf 87' lang='lat' dir='ltr'>ojus</span> 
     </span>
     <span class='ocr_line' id='line_1_5' title="bbox 1 1621 1237 1710; baseline 0.002 -22"><span class='ocrx_word' id='word_1_28' title='bbox 1 1625 2 1634; x_wconf 59' lang='lat'><em>²</em></span> <span class='ocrx_word' id='word_1_29' title='bbox 113 1623 189 1689; x_wconf 84' lang='lat' dir='ltr'>deur</span> <span class='ocrx_word' id='word_1_30' title='bbox 205 1623 381 1693; x_wconf 83' lang='lat' dir='ltr'>millesimo</span> <span class='ocrx_word' id='word_1_31' title='bbox 398 1625 620 1692; x_wconf 85' lang='lat' dir='ltr'>ducentesimo</span> <span class='ocrx_word' id='word_1_32' title='bbox 636 1622 851 1710; x_wconf 71' lang='lat' dir='ltr'>sexagesimo</span> <span class='ocrx_word' id='word_1_33' title='bbox 871 1623 1022 1708; x_wconf 89' lang='lat' dir='ltr'>septimo,</span> <span class='ocrx_word' id='word_1_34' title='bbox 1049 1621 1237 1692; x_wconf 89' lang='lat' dir='ltr'>Indiooioue</span> 
     </span>
     <span class='ocr_line' id='line_1_6' title="bbox 1 1709 1237 1828; baseline 0.004 -31"><span class='ocrx_word' id='word_1_35' title='bbox 1 1777 2 1828; x_wconf 67' lang='lat'>1</span> <span class='ocrx_word' id='word_1_36' title='bbox 113 1731 263 1817; x_wconf 87' lang='lat' dir='ltr'>decima,</span> <span class='ocrx_word' id='word_1_37' title='bbox 289 1731 344 1799; x_wconf 90' lang='lat' dir='ltr'>die</span> <span class='ocrx_word' id='word_1_38' title='bbox 369 1740 485 1816; x_wconf 87' lang='lat' dir='ltr'>quarto</span> <span class='ocrx_word' id='word_1_39' title='bbox 510 1732 635 1800; x_wconf 86' lang='lat' dir='ltr'>decimo</span> <span class='ocrx_word' id='word_1_40' title='bbox 661 1733 783 1800; x_wconf 83' lang='lat' dir='ltr'>mensis</span> <span class='ocrx_word' id='word_1_41' title='bbox 800 1731 963 1799; x_wconf 77' lang='lat' dir='ltr'><strong>Octobris.</strong></span> <span class='ocrx_word' id='word_1_42' title='bbox 979 1731 1154 1816; x_wconf 86' lang='lat' dir='ltr'>Regnante</span> <span class='ocrx_word' id='word_1_43' title='bbox 1168 1709 1237 1802; x_wconf 72' lang='lat' dir='ltr'>‘do</span> 
     </span>
     <span class='ocr_line' id='line_1_7' title="bbox 111 1839 1234 1927; baseline 0.004 -22"><span class='ocrx_word' id='word_1_44' title='bbox 111 1839 201 1906; x_wconf 88' lang='lat' dir='ltr'>mino</span> <span class='ocrx_word' id='word_1_45' title='bbox 217 1847 330 1907; x_wconf 90' lang='lat' dir='ltr'>nostro</span> <span class='ocrx_word' id='word_1_46' title='bbox 340 1841 422 1906; x_wconf 81' lang='lat' dir='ltr'>Belo</span> <span class='ocrx_word' id='word_1_47' title='bbox 432 1840 648 1908; x_wconf 82' lang='lat' dir='ltr'>Serenissimc</span> <span class='ocrx_word' id='word_1_48' title='bbox 665 1839 755 1927; x_wconf 79' lang='lat' dir='ltr'>Rege</span> <span class='ocrx_word' id='word_1_49' title='bbox 772 1839 938 1927; x_wconf 76' lang='lat' dir='ltr'>ngari03</span> <span class='ocrx_word' id='word_1_50' title='bbox 964 1841 1168 1926; x_wconf 88' lang='lat' dir='ltr'>temporibus</span> <span class='ocrx_word' id='word_1_51' title='bbox 1177 1841 1234 1912; x_wconf 94' lang='lat' dir='ltr'>do-</span> 
     </span>
     <span class='ocr_line' id='line_1_8' title="bbox 1 1935 1241 2037; baseline 0.005 -23"><span class='ocrx_word' id='word_1_52' title='bbox 1 1935 2 1970; x_wconf 72' lang='lat'><em>³</em></span> <span class='ocrx_word' id='word_1_53' title='bbox 120 1949 204 2016; x_wconf 88' lang='lat' dir='ltr'>mini</span> <span class='ocrx_word' id='word_1_54' title='bbox 220 1949 385 2017; x_wconf 75' lang='lat' dir='ltr'>iohannis</span> <span class='ocrx_word' id='word_1_55' title='bbox 411 1949 610 2017; x_wconf 84' lang='lat' dir='ltr'>venerabilis</span> <span class='ocrx_word' id='word_1_56' title='bbox 640 1949 801 2036; x_wconf 78' lang='lat' dir='ltr'>Spoletini</span> <span class='ocrx_word' id='word_1_57' title='bbox 826 1947 1095 2037; x_wconf 85' lang='lat' dir='ltr'>Arehiepisoopi,</span> <span class='ocrx_word' id='word_1_58' title='bbox 1118 1951 1241 2020; x_wconf 87' lang='lat' dir='ltr'>domini</span> 
     </span>
     <span class='ocr_line' id='line_1_9' title="bbox 113 2058 1237 2148; baseline 0.003 -22"><span class='ocrx_word' id='word_1_59' title='bbox 113 2058 257 2127; x_wconf 83' lang='lat' dir='ltr'>Bolandi</span> <span class='ocrx_word' id='word_1_60' title='bbox 272 2061 382 2128; x_wconf 86' lang='lat' dir='ltr'>Incliti</span> <span class='ocrx_word' id='word_1_61' title='bbox 399 2061 553 2148; x_wconf 72' lang='lat' dir='ltr'>Comitis5</span> <span class='ocrx_word' id='word_1_62' title='bbox 571 2061 681 2128; x_wconf 88' lang='lat' dir='ltr'>Duimi</span> <span class='ocrx_word' id='word_1_63' title='bbox 697 2059 854 2145; x_wconf 80' lang='lat' dir='ltr'>Gessarii,</span> <span class='ocrx_word' id='word_1_64' title='bbox 872 2058 1020 2144; x_wconf 77' lang='lat' dir='ltr'>Gregorii</span> <span class='ocrx_word' id='word_1_65' title='bbox 1037 2061 1156 2148; x_wconf 73' lang='lat' dir='ltr'>(trube,</span> <span class='ocrx_word' id='word_1_66' title='bbox 1173 2063 1237 2129; x_wconf 91' lang='lat' dir='ltr'>Do·</span> 
     </span>
     <span class='ocr_line' id='line_1_10' title="bbox 1 2166 1237 2254; baseline 0.003 -20"><span class='ocrx_word' id='word_1_67' title='bbox 1 2221 2 2242; x_wconf 64' lang='grc'>,</span> <span class='ocrx_word' id='word_1_68' title='bbox 113 2169 165 2236; x_wconf 89' lang='lat' dir='ltr'>bri</span> <span class='ocrx_word' id='word_1_69' title='bbox 180 2166 288 2236; x_wconf 82' lang='lat' dir='ltr'>Madri</span> <span class='ocrx_word' id='word_1_70' title='bbox 303 2167 461 2237; x_wconf 89' lang='lat' dir='ltr'>Judicum.</span> <span class='ocrx_word' id='word_1_71' title='bbox 477 2171 547 2238; x_wconf 85' lang='lat' dir='ltr'>Nos</span> <span class='ocrx_word' id='word_1_72' title='bbox 561 2169 700 2254; x_wconf 79' lang='lat' dir='ltr'>predicti</span> <span class='ocrx_word' id='word_1_73' title='bbox 715 2169 848 2236; x_wconf 88' lang='lat' dir='ltr'>Judices</span> <span class='ocrx_word' id='word_1_74' title='bbox 865 2187 932 2236; x_wconf 86' lang='lat' dir='ltr'>una</span> <span class='ocrx_word' id='word_1_75' title='bbox 948 2189 1020 2236; x_wconf 87' lang='lat' dir='ltr'>eum</span> <span class='ocrx_word' id='word_1_76' title='bbox 1036 2177 1147 2238; x_wconf 76' lang='lat' dir='ltr'>norme</span> <span class='ocrx_word' id='word_1_77' title='bbox 1164 2192 1237 2240; x_wconf 89' lang='lat' dir='ltr'>eon·</span> 
     </span>
     <span class='ocr_line' id='line_1_11' title="bbox 1 2275 1235 2365; baseline 0.007 -24"><span class='ocrx_word' id='word_1_78' title='bbox 1 2275 2 2284; x_wconf 76' lang='grc'>’</span> <span class='ocrx_word' id='word_1_79' title='bbox 110 2275 189 2346; x_wconf 83' lang='lat' dir='ltr'>silio</span> <span class='ocrx_word' id='word_1_80' title='bbox 206 2297 247 2344; x_wconf 87' lang='lat' dir='ltr'>ac</span> <span class='ocrx_word' id='word_1_81' title='bbox 272 2279 423 2348; x_wconf 81' lang='lat' dir='ltr'>uniuersa</span> <span class='ocrx_word' id='word_1_82' title='bbox 440 2276 676 2346; x_wconf 80' lang='lat' dir='ltr'>Communitste</span> <span class='ocrx_word' id='word_1_83' title='bbox 693 2277 869 2361; x_wconf 82' lang='lat' dir='ltr'>Spoletina</span> <span class='ocrx_word' id='word_1_84' title='bbox 889 2295 944 2362; x_wconf 87' lang='lat' dir='ltr'>per</span> <span class='ocrx_word' id='word_1_85' title='bbox 968 2297 1106 2365; x_wconf 79' lang='lat' dir='ltr'>presens</span> <span class='ocrx_word' id='word_1_86' title='bbox 1131 2281 1235 2350; x_wconf 87' lang='lat' dir='ltr'>iustru</span> 
     </span>
     <span class='ocr_line' id='line_1_12' title="bbox 111 2387 1235 2476; baseline 0.004 -24"><span class='ocrx_word' id='word_1_87' title='bbox 111 2393 258 2454; x_wconf 86' lang='lat' dir='ltr'>mentum</span> <span class='ocrx_word' id='word_1_88' title='bbox 274 2387 423 2456; x_wconf 84' lang='lat' dir='ltr'>volumus</span> <span class='ocrx_word' id='word_1_89' title='bbox 440 2387 483 2452; x_wconf 85' lang='lat' dir='ltr'>ud</span> <span class='ocrx_word' id='word_1_90' title='bbox 501 2395 688 2454; x_wconf 88' lang='lat' dir='ltr'>cunctorum</span> <span class='ocrx_word' id='word_1_91' title='bbox 705 2387 861 2456; x_wconf 85' lang='lat' dir='ltr'>noticiam</span> <span class='ocrx_word' id='word_1_92' title='bbox 877 2388 1059 2476; x_wconf 86' lang='lat' dir='ltr'>pervenire,</span> <span class='ocrx_word' id='word_1_93' title='bbox 1076 2387 1164 2474; x_wconf 89' lang='lat' dir='ltr'>quod</span> <span class='ocrx_word' id='word_1_94' title='bbox 1179 2409 1235 2457; x_wconf 84' lang='lat' dir='ltr'>ra-</span> 
     </span>
     <span class='ocr_line' id='line_1_13' title="bbox 113 2493 1238 2584; baseline 0.003 -21"><span class='ocrx_word' id='word_1_95' title='bbox 113 2503 212 2564; x_wconf 83' lang='lat' dir='ltr'>cante</span> <span class='ocrx_word' id='word_1_96' title='bbox 228 2493 383 2562; x_wconf 77' lang='lat' dir='ltr'>scelesta</span> <span class='ocrx_word' id='word_1_97' title='bbox 399 2495 512 2564; x_wconf 80' lang='lat' dir='ltr'>Sancti</span> <span class='ocrx_word' id='word_1_98' title='bbox 528 2495 701 2564; x_wconf 78' lang='lat' dir='ltr'>Laurentii</span> <span class='ocrx_word' id='word_1_99' title='bbox 716 2495 758 2564; x_wconf 89' lang='lat' dir='ltr'>de</span> <span class='ocrx_word' id='word_1_100' title='bbox 775 2497 905 2581; x_wconf 85' lang='lat' dir='ltr'>Platea,</span> <span class='ocrx_word' id='word_1_101' title='bbox 921 2517 980 2564; x_wconf 92' lang='lat' dir='ltr'>nos</span> <span class='ocrx_word' id='word_1_102' title='bbox 1006 2501 1068 2582; x_wconf 90' lang='lat' dir='ltr'>qui·</span> <span class='ocrx_word' id='word_1_103' title='bbox 1087 2500 1156 2566; x_wconf 82' lang='lat' dir='ltr'>reri</span> <span class='ocrx_word' id='word_1_104' title='bbox 1181 2519 1238 2584; x_wconf 81' lang='lat' dir='ltr'>pa·</span> 
     </span>
     <span class='ocr_line' id='line_1_14' title="bbox 113 2603 1237 2694; baseline 0.004 -22"><span class='ocrx_word' id='word_1_105' title='bbox 113 2605 203 2673; x_wconf 88' lang='lat' dir='ltr'>troni</span> <span class='ocrx_word' id='word_1_106' title='bbox 223 2624 283 2672; x_wconf 88' lang='lat' dir='ltr'>seu</span> <span class='ocrx_word' id='word_1_107' title='bbox 299 2604 483 2671; x_wconf 76' lang='lat' dir='ltr'>fundatores</span> <span class='ocrx_word' id='word_1_108' title='bbox 499 2604 603 2692; x_wconf 83' lang='lat' dir='ltr'>ipsius</span> <span class='ocrx_word' id='word_1_109' title='bbox 619 2603 768 2674; x_wconf 78' lang='lat' dir='ltr'>Ecclesie</span> <span class='ocrx_word' id='word_1_110' title='bbox 784 2625 905 2690; x_wconf 90' lang='lat' dir='ltr'>sumus,</span> <span class='ocrx_word' id='word_1_111' title='bbox 922 2613 1035 2694; x_wconf 81' lang='lat' dir='ltr'>utpote</span> <span class='ocrx_word' id='word_1_112' title='bbox 1051 2609 1085 2676; x_wconf 89' lang='lat' dir='ltr'>iu</span> <span class='ocrx_word' id='word_1_113' title='bbox 1102 2627 1237 2692; x_wconf 88' lang='lat' dir='ltr'>quorum</span> 
     </span>
     <span class='ocr_line' id='line_1_15' title="bbox 111 2711 1236 2799; baseline 0.004 -19"><span class='ocrx_word' id='word_1_114' title='bbox 111 2711 215 2782; x_wconf 84' lang='lat' dir='ltr'>fundo</span> <span class='ocrx_word' id='word_1_115' title='bbox 231 2713 346 2782; x_wconf 85' lang='lat' dir='ltr'>eadem</span> <span class='ocrx_word' id='word_1_116' title='bbox 362 2711 511 2780; x_wconf 75' lang='lat' dir='ltr'>Ecclesia</span> <span class='ocrx_word' id='word_1_117' title='bbox 526 2713 663 2780; x_wconf 83' lang='lat' dir='ltr'>fundata</span> <span class='ocrx_word' id='word_1_118' title='bbox 679 2721 778 2781; x_wconf 88' lang='lat' dir='ltr'>estet</span> <span class='ocrx_word' id='word_1_119' title='bbox 794 2721 990 2799; x_wconf 73' lang='lat' dir='ltr'>eonsuuota,</span> <span class='ocrx_word' id='word_1_120' title='bbox 1018 2736 1090 2784; x_wconf 88' lang='lat' dir='ltr'>eum</span> <span class='ocrx_word' id='word_1_121' title='bbox 1108 2723 1236 2787; x_wconf 89' lang='lat' dir='ltr'>constet</span> 
     </span>
     <span class='ocr_line' id='line_1_16' title="bbox 1 2819 1237 2909; baseline 0.002 -21"><span class='ocrx_word' id='word_1_122' title='bbox 1 2833 2 2838; x_wconf 76' lang='grc'>’</span> <span class='ocrx_word' id='word_1_123' title='bbox 111 2823 223 2892; x_wconf 88' lang='lat' dir='ltr'>nullos</span> <span class='ocrx_word' id='word_1_124' title='bbox 248 2821 332 2888; x_wconf 85' lang='lat' dir='ltr'>alios</span> <span class='ocrx_word' id='word_1_125' title='bbox 356 2820 479 2890; x_wconf 87' lang='lat' dir='ltr'>habere</span> <span class='ocrx_word' id='word_1_126' title='bbox 502 2828 667 2909; x_wconf 86' lang='lat' dir='ltr'>patronos,</span> <span class='ocrx_word' id='word_1_127' title='bbox 693 2823 841 2908; x_wconf 85' lang='lat' dir='ltr'>eligimus</span> <span class='ocrx_word' id='word_1_128' title='bbox 862 2842 930 2906; x_wconf 86' lang='lat' dir='ltr'>vos,</span> <span class='ocrx_word' id='word_1_129' title='bbox 947 2819 1105 2894; x_wconf 80' lang='lat' dir='ltr'>Thomam</span> <span class='ocrx_word' id='word_1_130' title='bbox 1120 2825 1237 2893; x_wconf 87' lang='lat' dir='ltr'>Archi-</span> 
     </span>
     <span class='ocr_line' id='line_1_17' title="bbox 114 2927 1236 3020; baseline 0.004 -22"><span class='ocrx_word' id='word_1_131' title='bbox 114 2929 292 2999; x_wconf 78' lang='lat' dir='ltr'>diaoonurn</span> <span class='ocrx_word' id='word_1_132' title='bbox 327 2949 399 2996; x_wconf 91' lang='lat' dir='ltr'>cum</span> <span class='ocrx_word' id='word_1_133' title='bbox 424 2927 576 2997; x_wconf 85' lang='lat' dir='ltr'>universo</span> <span class='ocrx_word' id='word_1_134' title='bbox 603 2931 754 3016; x_wconf 70' lang='lat' dir='ltr'>capitulo</span> <span class='ocrx_word' id='word_1_135' title='bbox 786 2929 936 2998; x_wconf 83' lang='lat' dir='ltr'>Ecclesie</span> <span class='ocrx_word' id='word_1_136' title='bbox 968 2930 1062 2999; x_wconf 89' lang='lat' dir='ltr'>Beuti</span> <span class='ocrx_word' id='word_1_137' title='bbox 1093 2931 1236 3020; x_wconf 86' lang='lat' dir='ltr'>Domnii,</span> 
     </span>
     <span class='ocr_line' id='line_1_18' title="bbox 113 3038 1237 3128; baseline 0 -20"><span class='ocrx_word' id='word_1_138' title='bbox 113 3038 351 3108; x_wconf 74' lang='lat' dir='ltr'>transferentes</span> <span class='ocrx_word' id='word_1_139' title='bbox 367 3040 401 3104; x_wconf 91' lang='lat' dir='ltr'>in</span> <span class='ocrx_word' id='word_1_140' title='bbox 417 3044 560 3107; x_wconf 86' lang='lat' dir='ltr'>vestram</span> <span class='ocrx_word' id='word_1_141' title='bbox 577 3039 831 3109; x_wconf 83' lang='lat' dir='ltr'>Universitatem</span> <span class='ocrx_word' id='word_1_142' title='bbox 854 3045 956 3107; x_wconf 80' lang='lat' dir='ltr'>totum</span> <span class='ocrx_word' id='word_1_143' title='bbox 972 3047 1117 3107; x_wconf 85' lang='lat' dir='ltr'>nostram</span> <span class='ocrx_word' id='word_1_144' title='bbox 1138 3041 1237 3128; x_wconf 78' lang='lat' dir='ltr'>Juris-</span> 
     </span>
     <span class='ocr_line' id='line_1_19' title="bbox 115 3146 1239 3233; baseline 0.001 -16"><span class='ocrx_word' id='word_1_145' title='bbox 115 3149 307 3233; x_wconf 88' lang='lat' dir='ltr'>dicciouem,</span> <span class='ocrx_word' id='word_1_146' title='bbox 323 3165 420 3231; x_wconf 82' lang='lat' dir='ltr'>quom</span> <span class='ocrx_word' id='word_1_147' title='bbox 437 3148 471 3214; x_wconf 89' lang='lat' dir='ltr'>in</span> <span class='ocrx_word' id='word_1_148' title='bbox 488 3146 640 3232; x_wconf 83' lang='lat' dir='ltr'>eligendo</span> <span class='ocrx_word' id='word_1_149' title='bbox 656 3146 835 3231; x_wconf 82' lang='lat' dir='ltr'>habemur,</span> <span class='ocrx_word' id='word_1_150' title='bbox 854 3155 890 3214; x_wconf 91' lang='lat' dir='ltr'>ut</span> <span class='ocrx_word' id='word_1_151' title='bbox 900 3149 1028 3232; x_wconf 88' lang='lat' dir='ltr'>quesita</span> <span class='ocrx_word' id='word_1_152' title='bbox 1044 3155 1077 3216; x_wconf 92' lang='lat' dir='ltr'>et</span> <span class='ocrx_word' id='word_1_153' title='bbox 1102 3150 1239 3218; x_wconf 89' lang='lat' dir='ltr'>obtenta</span> 
     </span>
     <span class='ocr_line' id='line_1_20' title="bbox 114 3256 1238 3348; baseline 0.003 -24"><span class='ocrx_word' id='word_1_154' title='bbox 114 3257 333 3328; x_wconf 85' lang='lat' dir='ltr'>investicione</span> <span class='ocrx_word' id='word_1_155' title='bbox 357 3275 415 3324; x_wconf 88' lang='lat' dir='ltr'>ssu</span> <span class='ocrx_word' id='word_1_156' title='bbox 431 3256 689 3341; x_wconf 80' lang='lat' dir='ltr'>confirmacione,</span> <span class='ocrx_word' id='word_1_157' title='bbox 707 3277 769 3340; x_wconf 91' lang='lat' dir='ltr'>que</span> <span class='ocrx_word' id='word_1_158' title='bbox 785 3257 828 3326; x_wconf 85' lang='lat' dir='ltr'>ad</span> <span class='ocrx_word' id='word_1_159' title='bbox 840 3258 896 3344; x_wconf 87' lang='lat' dir='ltr'>jus</span> <span class='ocrx_word' id='word_1_160' title='bbox 913 3257 1034 3326; x_wconf 89' lang='lat' dir='ltr'>domini</span> <span class='ocrx_word' id='word_1_161' title='bbox 1049 3259 1238 3348; x_wconf 88' lang='lat' dir='ltr'>Archiepis·</span> 
     </span>
     <span class='ocr_line' id='line_1_21' title="bbox 1 3351 1237 3456; baseline 0.006 -24"><span class='ocrx_word' id='word_1_162' title='bbox 1 3351 2 3362; x_wconf 40' lang='lat'>¹</span> <span class='ocrx_word' id='word_1_163' title='bbox 119 3365 193 3452; x_wconf 91' lang='lat' dir='ltr'>copi</span> <span class='ocrx_word' id='word_1_164' title='bbox 219 3372 368 3450; x_wconf 88' lang='lat' dir='ltr'>spectare</span> <span class='ocrx_word' id='word_1_165' title='bbox 384 3363 578 3451; x_wconf 85' lang='lat' dir='ltr'>dinoscitur,</span> <span class='ocrx_word' id='word_1_166' title='bbox 594 3365 701 3450; x_wconf 84' lang='lat' dir='ltr'>ipsam</span> <span class='ocrx_word' id='word_1_167' title='bbox 716 3364 899 3432; x_wconf 86' lang='lat' dir='ltr'>Ecclesiam</span> <span class='ocrx_word' id='word_1_168' title='bbox 914 3363 1066 3435; x_wconf 85' lang='lat' dir='ltr'>habeatis</span> <span class='ocrx_word' id='word_1_169' title='bbox 1083 3374 1116 3436; x_wconf 91' lang='lat' dir='ltr'>et</span> <span class='ocrx_word' id='word_1_170' title='bbox 1129 3371 1237 3456; x_wconf 92' lang='lat' dir='ltr'>possi·</span> 
     </span>
     <span class='ocr_line' id='line_1_22' title="bbox 119 3473 1238 3568; baseline 0.004 -26"><span class='ocrx_word' id='word_1_171' title='bbox 119 3475 228 3542; x_wconf 79' lang='lat' dir='ltr'>dentis</span> <span class='ocrx_word' id='word_1_172' title='bbox 245 3474 495 3561; x_wconf 85' lang='lat' dir='ltr'>inperpetuum,</span> <span class='ocrx_word' id='word_1_173' title='bbox 514 3475 703 3541; x_wconf 87' lang='lat' dir='ltr'>ordinantes</span> <span class='ocrx_word' id='word_1_174' title='bbox 721 3481 754 3541; x_wconf 90' lang='lat' dir='ltr'>et</span> <span class='ocrx_word' id='word_1_175' title='bbox 770 3473 983 3559; x_wconf 88' lang='lat' dir='ltr'>disponentes</span> <span class='ocrx_word' id='word_1_176' title='bbox 999 3475 1153 3562; x_wconf 89' lang='lat' dir='ltr'>deipsius</span> <span class='ocrx_word' id='word_1_177' title='bbox 1164 3501 1238 3568; x_wconf 84' lang='lat' dir='ltr'>pos-</span> 
     </span>
     <span class='ocr_line' id='line_1_23' title="bbox 118 3582 1237 3680; baseline 0.004 -27"><span class='ocrx_word' id='word_1_178' title='bbox 118 3584 267 3680; x_wconf 78' lang='lat' dir='ltr'>sessione</span> <span class='ocrx_word' id='word_1_179' title='bbox 283 3603 341 3649; x_wconf 84' lang='lat' dir='ltr'>sen</span> <span class='ocrx_word' id='word_1_180' title='bbox 357 3583 611 3664; x_wconf 85' lang='lat' dir='ltr'>restauracione,</span> <span class='ocrx_word' id='word_1_181' title='bbox 639 3583 725 3651; x_wconf 86' lang='lat' dir='ltr'>sicut</span> <span class='ocrx_word' id='word_1_182' title='bbox 740 3583 836 3652; x_wconf 86' lang='lat' dir='ltr'>uobis</span> <span class='ocrx_word' id='word_1_183' title='bbox 850 3582 975 3668; x_wconf 85' lang='lat' dir='ltr'>melius·</span> <span class='ocrx_word' id='word_1_184' title='bbox 994 3586 1169 3675; x_wconf 86' lang='lat' dir='ltr'>videbitur,</span> <span class='ocrx_word' id='word_1_185' title='bbox 1192 3589 1237 3657; x_wconf 87' lang='lat' dir='ltr'>ad</span> 
     </span>
     <span class='ocr_line' id='line_1_24' title="bbox 116 3693 1237 3780; baseline 0.006 -20"><span class='ocrx_word' id='word_1_186' title='bbox 116 3693 353 3764; x_wconf 66' lang='lat' dir='ltr'>honorem&#39;Dei</span> <span class='ocrx_word' id='word_1_187' title='bbox 368 3699 402 3761; x_wconf 88' lang='lat' dir='ltr'>et</span> <span class='ocrx_word' id='word_1_188' title='bbox 419 3695 522 3780; x_wconf 89' lang='lat' dir='ltr'>ipsius</span> <span class='ocrx_word' id='word_1_189' title='bbox 547 3693 696 3762; x_wconf 78' lang='lat' dir='ltr'>Ecclesie</span> <span class='ocrx_word' id='word_1_190' title='bbox 720 3700 841 3760; x_wconf 81' lang='lat' dir='ltr'>statum</span> <span class='ocrx_word' id='word_1_191' title='bbox 866 3695 919 3761; x_wconf 88' lang='lat' dir='ltr'>rel</span> <span class='ocrx_word' id='word_1_192' title='bbox 936 3694 1137 3763; x_wconf 88' lang='lat' dir='ltr'>commodum</span> <span class='ocrx_word' id='word_1_193' title='bbox 1164 3697 1237 3767; x_wconf 85' lang='lat' dir='ltr'>aba·</span> 
     </span>
     <span class='ocr_line' id='line_1_25' title="bbox 115 3801 1237 3888; baseline 0.004 -18"><span class='ocrx_word' id='word_1_194' title='bbox 115 3823 178 3888; x_wconf 85' lang='lat' dir='ltr'>que</span> <span class='ocrx_word' id='word_1_195' title='bbox 193 3803 335 3888; x_wconf 80' lang='lat' dir='ltr'>alicujus</span> <span class='ocrx_word' id='word_1_196' title='bbox 357 3803 558 3870; x_wconf 87' lang='lat' dir='ltr'>retraeoione</span> <span class='ocrx_word' id='word_1_197' title='bbox 574 3808 608 3867; x_wconf 93' lang='lat' dir='ltr'>et</span> <span class='ocrx_word' id='word_1_198' title='bbox 626 3801 898 3872; x_wconf 82' lang='lat' dir='ltr'>contradiccioue.</span> <span class='ocrx_word' id='word_1_199' title='bbox 919 3803 1036 3870; x_wconf 86' lang='lat' dir='ltr'>Actum</span> <span class='ocrx_word' id='word_1_200' title='bbox 1061 3805 1095 3870; x_wconf 92' lang='lat' dir='ltr'>in</span> <span class='ocrx_word' id='word_1_201' title='bbox 1122 3805 1237 3875; x_wconf 78' lang='lat' dir='ltr'>Eccle-</span> 
     </span>
     <span class='ocr_line' id='line_1_26' title="bbox 1 3909 1238 4002; baseline 0.003 -24"><span class='ocrx_word' id='word_1_202' title='bbox 1 3933 2 3936; x_wconf 65' lang='grc'>’</span> <span class='ocrx_word' id='word_1_203' title='bbox 116 3911 166 3978; x_wconf 91' lang='lat' dir='ltr'>sia</span> <span class='ocrx_word' id='word_1_204' title='bbox 180 3911 279 3978; x_wconf 86' lang='lat' dir='ltr'>Beati</span> <span class='ocrx_word' id='word_1_205' title='bbox 293 3909 426 3978; x_wconf 91' lang='lat' dir='ltr'>Domnii</span> <span class='ocrx_word' id='word_1_206' title='bbox 443 3909 497 3978; x_wconf 90' lang='lat' dir='ltr'>die</span> <span class='ocrx_word' id='word_1_207' title='bbox 513 3911 684 3978; x_wconf 87' lang='lat' dir='ltr'>Dominioc</span> <span class='ocrx_word' id='word_1_208' title='bbox 706 3918 783 3978; x_wconf 82' lang='lat' dir='ltr'>ante</span> <span class='ocrx_word' id='word_1_209' title='bbox 798 3911 933 3978; x_wconf 84' lang='lat' dir='ltr'>missam</span> <span class='ocrx_word' id='word_1_210' title='bbox 948 3931 1059 3979; x_wconf 88' lang='lat' dir='ltr'>coram</span> <span class='ocrx_word' id='word_1_211' title='bbox 1075 3915 1164 3982; x_wconf 91' lang='lat' dir='ltr'>omni</span> <span class='ocrx_word' id='word_1_212' title='bbox 1180 3935 1238 4002; x_wconf 91' lang='lat' dir='ltr'>po-</span> 
     </span>
     <span class='ocr_line' id='line_1_27' title="bbox 115 4017 1237 4110; baseline 0.003 -23"><span class='ocrx_word' id='word_1_213' title='bbox 115 4020 184 4107; x_wconf 87' lang='lat' dir='ltr'>puli</span> <span class='ocrx_word' id='word_1_214' title='bbox 199 4019 408 4088; x_wconf 86' lang='lat' dir='ltr'>multitudiue</span> <span class='ocrx_word' id='word_1_215' title='bbox 424 4021 578 4099; x_wconf 84' lang='lat' dir='ltr'>omuibus¹</span> <span class='ocrx_word' id='word_1_216' title='bbox 589 4019 872 4100; x_wconf 82' lang='lat' dir='ltr'>consencientibus</span> <span class='ocrx_word' id='word_1_217' title='bbox 894 4027 928 4087; x_wconf 90' lang='lat' dir='ltr'>et</span> <span class='ocrx_word' id='word_1_218' title='bbox 944 4017 1005 4086; x_wconf 88' lang='lat' dir='ltr'>sibi</span> <span class='ocrx_word' id='word_1_219' title='bbox 1020 4021 1150 4108; x_wconf 86' lang='lat' dir='ltr'>placere</span> <span class='ocrx_word' id='word_1_220' title='bbox 1166 4043 1237 4110; x_wconf 90' lang='lat' dir='ltr'>prc-</span> 
     </span>
     <span class='ocr_line' id='line_1_28' title="bbox 118 4129 1242 4217; baseline 0.004 -21"><span class='ocrx_word' id='word_1_221' title='bbox 118 4131 337 4200; x_wconf 84' lang='lat' dir='ltr'>ciamantibus</span> <span class='ocrx_word' id='word_1_222' title='bbox 353 4130 474 4198; x_wconf 90' lang='lat' dir='ltr'>ibidem</span> <span class='ocrx_word' id='word_1_223' title='bbox 491 4129 679 4198; x_wconf 78' lang='lat' dir='ltr'>estamibus</span> <span class='ocrx_word' id='word_1_224' title='bbox 702 4149 776 4198; x_wconf 89' lang='lat' dir='ltr'>curn</span> <span class='ocrx_word' id='word_1_225' title='bbox 791 4129 947 4215; x_wconf 88' lang='lat' dir='ltr'>predictis</span> <span class='ocrx_word' id='word_1_226' title='bbox 974 4129 1156 4217; x_wconf 82' lang='lat' dir='ltr'>Judicibus,</span> <span class='ocrx_word' id='word_1_227' title='bbox 1182 4153 1242 4202; x_wconf 90' lang='lat' dir='ltr'>no·</span> 
     </span>
     <span class='ocr_line' id='line_1_29' title="bbox 117 4237 1240 4326; baseline 0.002 -20"><span class='ocrx_word' id='word_1_228' title='bbox 117 4241 241 4309; x_wconf 87' lang='lat' dir='ltr'>bilibus</span> <span class='ocrx_word' id='word_1_229' title='bbox 266 4239 345 4312; x_wconf 82' lang='lat' dir='ltr'>viris</span> <span class='ocrx_word' id='word_1_230' title='bbox 370 4239 481 4308; x_wconf 83' lang='lat' dir='ltr'>Mioha</span> <span class='ocrx_word' id='word_1_231' title='bbox 506 4239 622 4322; x_wconf 81' lang='lat' dir='ltr'>Medii,</span> <span class='ocrx_word' id='word_1_232' title='bbox 639 4238 791 4306; x_wconf 82' lang='lat' dir='ltr'>Johouue</span> <span class='ocrx_word' id='word_1_233' title='bbox 808 4237 924 4324; x_wconf 79' lang='lat' dir='ltr'>Oigad,</span> <span class='ocrx_word' id='word_1_234' title='bbox 941 4237 1090 4308; x_wconf 83' lang='lat' dir='ltr'>Johnuns</span> <span class='ocrx_word' id='word_1_235' title='bbox 1108 4237 1240 4326; x_wconf 80' lang='lat' dir='ltr'>vitalis,</span> 
     </span>
     <span class='ocr_line' id='line_1_30' title="bbox 118 4345 1380 4436; baseline 0.003 -21"><span class='ocrx_word' id='word_1_236' title='bbox 118 4346 230 4434; x_wconf 77' lang='lat' dir='ltr'>Drago</span> <span class='ocrx_word' id='word_1_237' title='bbox 246 4346 422 4436; x_wconf 74' lang='lat' dir='ltr'>Stephani,</span> <span class='ocrx_word' id='word_1_238' title='bbox 439 4347 577 4416; x_wconf 85' lang='lat' dir='ltr'>Alberto</span> <span class='ocrx_word' id='word_1_239' title='bbox 593 4345 722 4429; x_wconf 73' lang='lat' dir='ltr'>tancti,</span> <span class='ocrx_word' id='word_1_240' title='bbox 740 4347 837 4414; x_wconf 85' lang='lat' dir='ltr'>Petro</span> <span class='ocrx_word' id='word_1_241' title='bbox 853 4346 1041 4434; x_wconf 82' lang='lat' dir='ltr'>Oerneche,</span> <span class='ocrx_word' id='word_1_242' title='bbox 1067 4349 1238 4418; x_wconf 78' lang='lat' dir='ltr'>camurcic</span> <span class='ocrx_word' id='word_1_243' title='bbox 1302 4404 1308 4422; x_wconf 90' lang='lat'>.</span> <span class='ocrx_word' id='word_1_244' title='bbox 1375 4359 1380 4370; x_wconf 82' lang='lat'><em>&#39;</em></span> 
     </span>
     <span class='ocr_line' id='line_1_31' title="bbox 120 4453 1100 4543; baseline -0.004 -18"><span class='ocrx_word' id='word_1_245' title='bbox 120 4455 219 4534; x_wconf 84' lang='lat' dir='ltr'>Petri,</span> <span class='ocrx_word' id='word_1_246' title='bbox 235 4457 363 4524; x_wconf 84' lang='lat' dir='ltr'>Marino</span> <span class='ocrx_word' id='word_1_247' title='bbox 378 4456 507 4536; x_wconf 77' lang='lat' dir='ltr'>Gaudii,</span> <span class='ocrx_word' id='word_1_248' title='bbox 524 4455 649 4543; x_wconf 78' lang='lat' dir='ltr'>Grupto</span> <span class='ocrx_word' id='word_1_249' title='bbox 666 4453 787 4522; x_wconf 79' lang='lat' dir='ltr'>(istuis</span> <span class='ocrx_word' id='word_1_250' title='bbox 804 4462 837 4521; x_wconf 86' lang='lat' dir='ltr'>et</span> <span class='ocrx_word' id='word_1_251' title='bbox 852 4455 1000 4540; x_wconf 90' lang='lat' dir='ltr'>pluribus</span> <span class='ocrx_word' id='word_1_252' title='bbox 1015 4453 1100 4523; x_wconf 85' lang='lat' dir='ltr'>aliis.</span> 
     </span>
     <span class='ocr_line' id='line_1_32' title="bbox 227 4563 910 4653; baseline -0.006 -20"><span class='ocrx_word' id='word_1_253' title='bbox 227 4567 299 4653; x_wconf 79' lang='lat' dir='ltr'>Ego</span> <span class='ocrx_word' id='word_1_254' title='bbox 316 4567 419 4635; x_wconf 87' lang='lat' dir='ltr'>Joseb</span> <span class='ocrx_word' id='word_1_255' title='bbox 436 4567 526 4634; x_wconf 85' lang='lat' dir='ltr'>Petri</span> <span class='ocrx_word' id='word_1_256' title='bbox 544 4564 694 4632; x_wconf 85' lang='lat' dir='ltr'>conscius</span> <span class='ocrx_word' id='word_1_257' title='bbox 712 4563 910 4631; x_wconf 80' lang='lat' dir='ltr'>examinari.</span> 
     </span>
     <span class='ocr_line' id='line_1_33' title="bbox 225 4671 1240 4765; baseline 0.006 -21"><span class='ocrx_word' id='word_1_258' title='bbox 225 4677 296 4765; x_wconf 78' lang='lat' dir='ltr'>ligo</span> <span class='ocrx_word' id='word_1_259' title='bbox 314 4698 392 4746; x_wconf 84' lang='lat' dir='ltr'>vero</span> <span class='ocrx_word' id='word_1_260' title='bbox 408 4678 545 4747; x_wconf 87' lang='lat' dir='ltr'>domnus</span> <span class='ocrx_word' id='word_1_261' title='bbox 563 4677 672 4745; x_wconf 82' lang='lat' dir='ltr'>Lucas</span> <span class='ocrx_word' id='word_1_262' title='bbox 688 4671 876 4744; x_wconf 80' lang='lat' dir='ltr'>Canusinus</span> <span class='ocrx_word' id='word_1_263' title='bbox 892 4680 925 4742; x_wconf 90' lang='lat' dir='ltr'>et</span> <span class='ocrx_word' id='word_1_264' title='bbox 942 4675 1074 4760; x_wconf 82' lang='lat' dir='ltr'>jnretus</span> <span class='ocrx_word' id='word_1_265' title='bbox 1084 4675 1240 4750; x_wconf 83' lang='lat' dir='ltr'>Notarius</span> 
     </span>
    </p>
   </div>
   <div class='ocr_carea' id='block_1_4' title="bbox 172 4780 1018 4870">
    <p class='ocr_par' dir='ltr' id='par_1_4' title="bbox 172 4780 1018 4870">
     <span class='ocr_line' id='line_1_34' title="bbox 172 4780 1018 4870; baseline -0.009 -5"><span class='ocrx_word' id='word_1_266' title='bbox 172 4780 598 4866; x_wconf 48' lang='lat' dir='ltr'>conmemosrsrs-urrue.</span> <span class='ocrx_word' id='word_1_267' title='bbox 975 4803 1018 4870; x_wconf 81' lang='lat'>12</span> 
     </span>
    </p>
   </div>
   <div class='ocr_carea' id='block_1_5' title="bbox 0 0 1629 5268">
    <p class='ocr_par' dir='ltr' id='par_1_5' title="bbox 0 0 1629 5268">
     <span class='ocr_line' id='line_1_35' title="bbox 0 0 1629 5268; baseline 0 0"><span class='ocrx_word' id='word_1_268' title='bbox 0 0 1629 5268; x_wconf 95' lang='lat' dir='ltr'> </span> 
     </span>
    </p>
   </div>
  </div>
 </body>
</html>
