3230 5268
916 1023 988 1090 141.

396 1237 432 1303 V.
449 1238 556 1302 Istodn
570 1236 678 1326 teiroty
692 1237 868 1324 mcpordeits'
883 1235 988 1324 btdcp
1001 1247 1114 1303 mester
1121 1239 1188 1322 fici
1203 1241 1348 1303 sadmdrc
1366 1240 1388 1304 1
1391 1237 1427 1303 V.
1444 1235 1514 1302 Bs-

391 1343 491 1412 ldcck
506 1343 623 1410 Harsa
636 1345 717 1411 erevit
724 1342 842 1430 sdldre
857 1345 1031 1410 ooaotkoad
1044 1345 1187 1411 raet-ti
1200 1345 1400 1434 oddoedcydt.
1412 1345 1514 1410 1270.

495 1542 681 1630 Stephanos
695 1543 760 1610 Dei
783 1543 900 1624 grecia
924 1541 1112 1629 Hungarie,
1140 1543 1313 1614 Dalmacie
1325 1595 1334 1630 ,
1360 1545 1512 1627 Oroooie,

389 1655 491 1721 Rama
501 1704 510 1740 ,
528 1652 662 1735 Seroie,
678 1651 843 1736 (incilicia,
859 1651 1074 1736 Lodomerio‚
1093 1654 1269 1735 Onmonie,
1286 1652 1512 1739 Balgarieqne

389 1763 460 1829 Rex
475 1762 625 1831 omnibns
640 1766 708 1826 tam
723 1761 930 1846 presentibus
948 1781 1046 1845 qoam
1066 1761 1182 1829 futuris
1204 1768 1389 1849 presentem
1416 1760 1513 1845 pagi·

388 1891 464 1940 nam
479 1870 676 1958 inspecturis
692 1869 832 1938 salntem
847 1869 880 1935 in
896 1869 1014 1938 salutis
1031 1869 1200 1956 largitore.
1218 1871 1269 1938 Ad
1286 1873 1511 1938 uniuersorum

388 1979 543 2047 noticiam
559 1977 672 2046 barum
690 1978 774 2047 serie
790 1979 939 2046 nolumus
955 1979 1145 2066 pervenire,
1168 1978 1256 2064 qnod
1271 1977 1462 2066 Stephanus
1478 1981 1513 2044 et

386 2090 508 2177 Symon
523 2087 582 2153 filii
596 2087 748 2171 magistri
764 2085 916 2172 Philippi,
929 2085 1037 2156 adbuc
1054 2087 1088 2154 in
1104 2094 1191 2156 etate
1207 2093 1322 2155 tenera
1339 2086 1511 2154 constituti

386 2216 452 2264 nna
467 2217 541 2263 cnm
556 2193 689 2263 domina
703 2202 807 2262 matre
823 2214 933 2262 corum
944 2197 989 2263 ad
1000 2205 1144 2265 nostram
1161 2196 1355 2264 accedentes
1371 2214 1510 2282 presen-

386 2305 480 2382 ciam,
505 2303 690 2372 obtulerunt
713 2303 809 2372 nobis
826 2304 1033 2391 priuilegium
1049 2303 1172 2372 domini
1187 2307 1268 2373 Belo
1284 2304 1430 2374 Illustris
1447 2303 1510 2370 Re-

383 2416 434 2500 gis
451 2411 594 2496 Vngarie
619 2411 708 2479 claro
724 2411 976 2496 recordacionis,
994 2413 1154 2480 carissimi
1171 2413 1276 2500 patris
1293 2413 1397 2481 nostri
1408 2430 1511 2499 snper

383 2531 469 2590 terre
485 2521 601 2588 Harka
616 2519 798 2588 contectam
813 2527 966 2606 petentes
982 2527 1019 2588 ut
1035 2521 1123 2588 idem
1139 2529 1247 2590 retum
1262 2521 1387 2590 habore
1403 2528 1437 2588 et
1452 2539 1511 2586 no·

382 2637 450 2696 stro
478 2629 686 2713 dignaremur
709 2629 882 2714 privilegio
909 2629 1112 2700 confirmare.
1130 2628 1233 2716 Odius
1256 2629 1388 2715 quidem
1406 2628 1507 2716 privi-

386 2737 465 2822 legii
480 2741 575 2804 tenor
589 2737 659 2821 teti,
676 2742 746 2804 est:

491 2843 574 2914 lea
597 2843 662 2914 Dei
684 2847 798 2931 grecia
823 2846 886 2912 stb.
913 2851 1094 2923 (honestent
1118 2854 1168 2912 lv.
1193 2853 1264 2910 Bata
1283 2852 1375 2925 kirdy
1393 2851 1510 2916 laos-ki

386 2961 534 3035 ekmdnyo‚
559 2962 663 3035 melyet
686 2962 772 3020 tome
796 2962 907 3020 tetbink
933 2961 1158 3034 okmdnytdrnnk
1182 2962 1219 3018 11.
1235 2961 1422 3018 kbtetdbena
1445 2967 1509 3026 m

386 3068 491 3143 inpone)

491 3171 559 3240 Nos
577 3171 687 3254 imque
702 3170 919 3257 peticionibus
932 3171 1111 3242 eorundem
1121 3171 1349 3240 favorabiliter
1358 3187 1509 3240 annuen-

386 3277 766 3363 commemorantesque
776 3277 882 3365 ipsam
892 3278 1107 3348 collectorem
1116 3279 1279 3348 arimini
1288 3277 1394 3364 patris
1404 3281 1511 3348 nostri

384 3387 530 3472 legitime
541 3385 905 3474 asefoctam,eandem
922 3387 1254 3458 collacionemratom
1270 3386 1458 3472 babuimus,
1476 3395 1510 3454 et

387 3495 494 3582 ipsum
510 3495 715 3581 priuilegium
740 3494 783 3563 de
798 3494 897 3563 uerbo
913 3494 957 3564 ad
972 3495 1106 3562 uerbum
1122 3498 1278 3564 insertum
1293 3495 1509 3580 presentibus

386 3599 612 3672 confirmamus
635 3602 775 3688 duplicis
799 3603 902 3688 sigilii
917 3605 1022 3672 nostri
1037 3603 1212 3674 munimine
1226 3603 1424 3673 roborando.
1442 3605 1510 3673 Da·

386 3719 453 3780 tam
479 3731 539 3796 per
553 3731 671 3782 manus
691 3711 838 3798 magistri
852 3710 1022 3780 Benedicti
1039 3711 1230 3782 orodiensis
1244 3711 1417 3800 Propositi,
1432 3715 1510 3782 anie

385 3827 495 3889 nostre
512 3820 820 3906 Vico-Osncellarii,
837 3819 950 3890 dilecti
966 3827 1000 3887 et
1013 3820 1120 3890 tidelis
1135 3823 1250 3890 nostri.
1267 3827 1364 3892 Anno
1374 3821 1510 3890 Domini

385 3927 686 4017 bi·⁰OG-⁰LXX·⁰,
702 3930 809 4017 Regni
825 3936 934 4000 antem
951 3931 1055 3999 nostri
1070 3951 1160 4000 anno
1175 3931 1290 4018 primo.

590 4123 737 4196 (Eredotie
750 4123 863 4198 Sopron
876 4143 916 4185 sa.
930 4126 962 4185 k.
973 4123 1060 4184 viros
1073 4123 1298 4197 lesdltdrdban.)
