3250 5268
685 340 729 408 85

632 430 791 441 1-—0

13 525 15 572 l
143 539 298 606 deuotam
324 557 397 604 cunr
423 533 632 606 confidelium
658 539 882 606 communione
899 538 1024 623 perlida
1041 558 1101 609 seu
1117 539 1287 628 dampna·

141 654 248 715 torum
264 645 435 713 bominum
459 643 716 732 participatione
743 645 869 724 dolosa,
893 647 947 716 vel
967 645 1045 730 quid
1061 648 1161 717 etiam
1178 650 1275 738 lupos

12 775 13 802 ι
141 772 285 842 rapaces
309 759 343 820 et
364 750 626 840 perditionisac
653 751 871 838 dispersionis
895 774 1029 842 semper
1054 755 1173 825 avidos
1198 777 1273 824 cum

142 859 290 952 pastoris
321 865 428 929 eterni
453 859 663 944 contumelia,
690 860 827 946 stagni
852 858 983 928 celestis
1010 860 1137 931 offensa
1162 863 1272 932 ovium

122 955 239 1058 'gregi
263 969 438 1038 mitissimo
465 967 646 1056 applicari,
672 967 727 1036 uel
752 969 926 1039 columbas
950 969 1093 1036 colubris
1120 971 1274 1041 couniri?
1317 971 1328 989 “

139 1077 194 1144 Ha
209 1077 321 1144 Deus!
341 1074 420 1161 quid
446 1072 490 1141 ad
515 1080 647 1160 gentem
675 1074 806 1161 impiam
831 1080 866 1142 et
890 1097 912 1144 a
936 1076 1043 1145 sancti
1068 1075 1208 1146 nominis
1224 1080 1273 1146 tui

143 1183 268 1252 notitia
283 1185 414 1270 penitus
430 1180 600 1249 alienam?
623 1180 669 1250 ad
685 1181 746 1250 boc
762 1181 945 1268 intendere,
955 1183 1188 1272 ntredemptos
1203 1185 1272 1271 glo·

141 1291 232 1362 rioso
249 1291 358 1378 pretio
382 1291 435 1358 sui
458 1291 629 1376 sanguinis
655 1289 717 1358 sub
743 1289 885 1376 quodam
906 1292 1202 1379 consanguinitatis
1218 1295 1272 1364 uel

12 1405 13 1410 ’
139 1400 327 1481 affinitatis,
352 1405 410 1466 ant
432 1397 712 1466 confederationis
737 1398 861 1466 amictu
886 1400 1016 1486 possint
1044 1419 1104 1470 sne
1135 1401 1271 1490 perfidie

137 1507 296 1594 contagio
312 1507 490 1589 maculare,
506 1525 548 1574 ac
574 1505 609 1573 in
634 1507 725 1574 illam
742 1526 803 1594 per
818 1526 1026 1592 consequeus
1043 1510 1199 1580 devenire
1213 1532 1270 1599 po-

11 1613 14 1668 l
136 1619 289 1704 tentiam,
306 1621 342 1683 ut
357 1613 399 1681 de
415 1613 564 1700 Ungerie
579 1613 729 1700 partibus
745 1621 779 1682 et
793 1613 876 1682 locis
892 1617 1103 1688 conterminis
1119 1615 1268 1690 delectur

61 1739 66 1749 “
137 1725 248 1792 omnis
265 1729 321 1791 tue
337 1721 522 1792 reverentia
537 1722 731 1788 maiestatis.
763 1719 836 1788 Hac
862 1721 947 1790 eninr
964 1721 1006 1792 de
1023 1743 1128 1794 eausa
1142 1727 1270 1811 utrique

136 1835 268 1920 Regum
294 1831 438 1917 ipsorum
463 1837 596 1898 nostras
623 1827 795 1913 dirigimus
822 1829 951 1898 litteras
975 1829 1061 1899 inter
1076 1831 1145 1901 alia
1160 1835 1267 1904 conti-

136 1947 269 2025 nentes,
285 1945 322 2007 nt
337 1938 383 2006 sit
398 1939 447 2006 eis
474 1937 509 2004 in
535 1935 645 2004 odium
670 1936 873 2024 temporibus
899 1937 1069 2008 audiuisse
1094 1943 1267 2028 preteritis,

134 2049 191 2117 vel
206 2051 241 2116 in
259 2045 375 2116 diebus
402 2041 520 2112 audire
548 2041 676 2125 suturis,
702 2045 790 2130 quod
814 2063 898 2131 gens
923 2051 993 2114 tam
1019 2048 1183 2135 spurcida,
1199 2057 1269 2122 tam

135 2155 322 2244 prophana,
339 2173 412 2220 oum
440 2151 499 2236 eis,
526 2159 583 2218 aut
609 2171 682 2219 cum
698 2151 863 2235 aliquibus
880 2152 957 2223 aliis
973 2156 1124 2244 personis
1140 2159 1270 2230 eximiis

136 2263 245 2350 Regni
263 2259 412 2330 eiusdem
424 2277 595 2328 commune
610 2259 691 2344 quid
706 2258 862 2348 babeant,
878 2261 943 2330 nisi
958 2263 1040 2331 forte
1058 2267 1145 2350 quod
1155 2269 1269 2336 ueniat

139 2371 184 2440 nd
201 2373 305 2458 Regis
322 2369 426 2438 eterni
444 2369 565 2436 cultum
580 2368 817 2454 beatissimum,
829 2369 858 2438 si
874 2376 983 2438 temen
999 2367 1061 2441 boe
1077 2374 1109 2442 ei
1126 2375 1268 2464 desuper

135 2481 181 2548 sit
196 2497 401 2564 eoncessum,
417 2477 471 2546 uel
488 2475 575 2559 quod
591 2483 776 2562 opportuno
802 2477 875 2545 loco
889 2485 922 2545 et
937 2485 1086 2568 tempore
1101 2501 1138 2551 se
1155 2484 1268 2554 videat
1341 2543 1345 2550 .

138 2588 201 2656 sub
217 2585 341 2656 vexillo
358 2603 417 2654 sue
433 2584 647 2670 celsitudinis,
664 2585 796 2654 favente
822 2585 952 2656 virtutis
978 2587 1098 2657 Divine
1118 2589 1265 2662 subsidio

135 2697 265 2766 ruinam
282 2692 532 2782 irreparabilem
548 2693 737 2764 incurrisse.
760 2693 927 2780 Rogamus
944 2697 1057 2783 itaque
1072 2698 1267 2770 universita-

134 2811 200 2872 tem
229 2810 375 2873 vestram
401 2802 587 2882 affectione,
613 2823 679 2889 qua
704 2823 878 2890 possumus
889 2855 899 2890 ,
925 2823 966 2872 ac
984 2805 1084 2874 etiam
1101 2809 1161 2876 sub
1177 2828 1264 2895 pena

135 2911 498 2992 excommunicationis,
515 2929 613 2995 quam
624 2930 665 2980 eo
680 2911 767 2998 ipso,
783 2911 813 2976 si
830 2911 1103 2998 contrafeceritis,
1119 2915 1264 2985 incurre-

134 3021 185 3106 tis,
202 3021 299 3089 vobis
316 3007 376 3104 per
392 3017 590 3104 Apostolioa
616 3020 741 3106 scripta
757 3017 946 3087 districtius
970 3019 1164 3105 inhibemus,
1190 3043 1267 3108 qna·
1400 3013 1404 3020 ⁴

133 3135 230 3198 teum
246 3127 434 3198 huiusmodi
450 3125 633 3216 parentella
650 3133 682 3195 et
698 3127 1028 3198 confederationibus
1044 3129 1198 3214 iniendis,
1213 3135 1267 3202 vel

10 3301 11 3308 ,
133 3237 298 3306 habendis
313 3237 512 3307 tractatibus
536 3255 635 3326 super
660 3235 735 3322 biis,
763 3246 794 3305 et
810 3236 970 3306 similibus
986 3238 1070 3307 inter
1087 3240 1192 3328 ipsos,
1207 3262 1261 3310 ue·

133 3351 237 3413 stram
263 3344 395 3414 omnino
420 3344 623 3433 presentiam
648 3343 823 3431 adimatis,
849 3363 889 3414 ao
914 3346 1037 3415 nullum
1070 3346 1260 3436 superbiis

132 3454 292 3542 prestetis
308 3452 476 3538 auxilium,
494 3451 668 3521 consilium
685 3453 740 3521 vel
756 3451 925 3538 favorem
951 3453 1010 3521 sed
1026 3457 1116 3525 omni
1131 3456 1262 3543 vinute,

134 3571 200 3646 qua
215 3560 376 3647 poteritis,
403 3565 472 3628 tam
498 3558 642 3647 indignis
660 3559 833 3630 affectibus
850 3567 883 3628 et
899 3561 1022 3648 iniquis
1038 3564 1194 3650 operibus
1209 3585 1261 3632 re·

10 3735 11 3740 ,
132 3670 272 3750 sistatis,
285 3669 520 3756 utApostolice
530 3669 611 3738 Sedi
626 3672 668 3740 sit
685 3670 884 3739 delectabile
904 3669 994 3739 eirea
1008 3691 1068 3740 vos
1084 3689 1144 3740 sue
1160 3671 1258 3744 bene·

133 3778 279 3847 uolentis
304 3775 445 3861 gratiam
470 3775 640 3864 ampliare,
666 3779 696 3846 si
720 3784 880 3864 agnoscat
896 3797 957 3866 per
973 3777 1125 3848 effectum
1142 3781 1262 3869 operis,

133 3886 221 3970 qnod
236 3886 270 3952 iu
287 3885 406 3954 affecto
421 3892 533 3955 vestro
553 3885 687 3974 geritur,
703 3893 739 3954 ut
755 3886 837 3954 nibil
853 3907 875 3955 a
890 3885 1037 3972 Regibus
1061 3885 1171 3957 memo
1176 3889 1259 3956 ratis

10 4027 11 4038 ι
132 3996 187 4063 vel
204 3993 455 4079 quibuscunque
470 3993 546 4064 aliis
563 3995 597 4064 in
612 3995 845 4065 detrimentum
861 3993 1025 4064 catholice
1040 3993 1131 4083 fidei,
1158 3997 1212 4065 uel
1226 3996 1261 4064 in

10 4165 12 4182 ,
132 4104 294 4172 iacturum
309 4101 452 4171 fidelium
477 4111 693 4191 presumatur.
725 4105 847 4173 Datum
863 4105 954 4191 apud
970 4103 1094 4174 Urbem
1111 4106 1263 4175 Veterem

10 4291 11 4324 ἶ
39 4256 46 4264 -
131 4209 168 4278 V.
184 4211 263 4282 Kal.
280 4211 464 4299 Februarii,
481 4209 712 4301 (Pontificatus
728 4212 847 4301 nostri)
863 4233 950 4282 anno
966 4211 1077 4282 tertio.

237 4369 301 4450 (tv.
315 4369 414 4430 Orbtn
428 4369 507 4447 pdpa
519 4369 718 4447 Regesttibbl,
728 4373 858 4432 Theiner
871 4372 910 4429 id
924 4388 961 4430 m.
973 4371 996 4430 l.
1009 4370 1038 4429 k.
1052 4370 1115 4430 265.
1128 4370 1160 4446 l.)
