3230 5268
848 359 1008 470 ,m

234 531 238 538 “
364 553 452 626 nisu
467 554 1055 643 oomimzeon,1wmksnswm,
1072 550 1509 626 etsennnentersrue

365 664 451 750 dem,
472 666 676 753 jobogiones
693 667 839 736 eiusdem
854 665 1048 750 itonssterij
1066 663 1311 748 Ssxerdiensis,
1327 683 1388 750 pro
1408 681 1456 730 se
1474 665 1513 726 et

366 791 427 860 pro
443 773 593 842 omnibus
609 772 687 860 siijs
703 771 940 861 jobsgionibos
956 771 1103 842 eiusdem
1120 772 1325 858 tionosterij,
1339 769 1511 840 similiter

366 897 441 946 oum
457 880 697 967 proenretorijs
714 879 835 950 litteris
860 880 970 966 ipsine·
993 879 1196 967 (innuentes,
1220 879 1264 949 eb
1287 900 1354 948 une
1374 883 1509 964 parte,

364 989 444 1056 item
469 988 589 1056 nobilis
614 989 665 1056 vir
688 989 806 1058 Comes
822 989 933 1058 Bodor
948 985 1037 1058 iilius
1055 990 1173 1072 Peneo,
1187 988 1389 1058 Vieedndex
1409 987 1510 1054 hn-

364 1095 469 1182 reneij
494 1096 641 1164 Pslstini
667 1095 711 1164 sb
736 1098 851 1175 alters,
866 1115 978 1164 eorem
1002 1098 1098 1166 nobis
1118 1097 1343 1186 personaliter
1359 1113 1508 1180 eompae

370 1209 493 1286 rentes,
518 1203 666 1291 preistns
690 1204 807 1291 Filius,
833 1203 953 1274 frstres
976 1204 1128 1292 predioti,
1153 1225 1214 1292 pro
1239 1224 1276 1273 ee
1300 1210 1334 1272 et
1348 1224 1412 1291 pro
1431 1205 1511 1270 toto

365 1311 536 1382 &noento
561 1311 784 1398 Sexsrdiensi,
810 1332 851 1382 ee
875 1314 1042 1400 prenotati
1068 1312 1220 1382 odioiaiis
1235 1319 1269 1382 et
1289 1310 1506 1399 jobsgiones

364 1419 443 1486 dieti
458 1418 653 1507 iionssterij
670 1421 802 1490 nomine
818 1440 888 1508 sno,
904 1441 945 1490 se
961 1423 1034 1490 viee
1054 1421 1199 1490 ornninm
1223 1421 1365 1490 eliorum
1386 1418 1506 1504 jobs-

365 1527 497 1615 gionnm
522 1527 672 1596 eiusdem
697 1530 899 1616 Monssterij,
925 1530 1092 1616 quendem
1113 1538 1236 1598 terrem
1252 1529 1357 1617 ipsius
1374 1529 1506 1596 Mons·

365 1635 459 1722 sterij
476 1633 722 1721 Sexsrdiensis,
739 1639 862 1706 Petnrd
878 1645 1040 1723 vooetsm,
1058 1639 1091 1706 in
1106 1638 1270 1708 Comitetn
1280 1638 1505 1722 deBsrenys

367 1742 573 1828 existentem,
599 1743 709 1814 edhne
724 1752 802 1814 onte
818 1752 946 1832 tempus
962 1745 1105 1816 insultus
1119 1746 1229 1833 gentis
1242 1745 1420 1814 Tortsriee
1439 1762 1505 1810 vs·

367 1869 461 1920 onem
478 1858 511 1921 et
525 1852 703 1939 desertam,
720 1875 760 1922 oo
777 1852 1019 1924 hsbitetoribus
1035 1856 1168 1943 penitus
1184 1854 1392 1937 destitutam,
1421 1853 1502 1918 nnl-

364 1961 432 2028 lsm
448 1960 549 2031 aliem
564 1961 748 2047 vtiiitstem,
766 1969 878 2046 preter
893 1963 1062 2046 quendem
1077 1965 1250 2050 pennulam
1260 1961 1449 2047 Gepeilsm,
1463 1959 1501 2026 in

366 2066 481 2136 esdem
506 2073 597 2136 terre
621 2069 742 2137 Petnrd
768 2071 828 2137 snb
854 2069 979 2136 honore
1002 2071 1106 2138 Beste
1132 2069 1278 2154 Virginis
1293 2067 1397 2135 iterio
1415 2085 1502 2135 oon·

366 2180 535 2259 struotsrn,
552 2181 585 2244 et
598 2181 708 2262 preter
724 2176 842 2245 silnern
858 2174 1021 2244 desertam
1037 2176 1072 2242 in
1089 2195 1126 2244 se
1145 2177 1375 2260 eontinentem,
1392 2191 1500 2258 qnam

367 2281 499 2366 qnidem
515 2288 637 2349 terrem
652 2284 775 2352 Peturd
791 2302 850 2369 per
865 2284 1025 2352 Comitem
1041 2283 1131 2350 Booh
1157 2283 1198 2351 de
1222 2302 1344 2370 genere
1367 2281 1500 2348 Beohe

365 2407 494 2476 gregor,
512 2389 618 2460 nobili
635 2392 765 2460 domine
781 2394 874 2460 exori
899 2411 958 2458 sue
984 2413 1044 2478 pro
1071 2412 1133 2460 sne
1148 2393 1224 2460 dote
1240 2398 1274 2459 et
1297 2390 1395 2458 rebus
1423 2389 1500 2456 suis

364 2496 630 2582 pereiernelibns
647 2499 814 2585 traditam,
830 2518 889 2568 sen
905 2499 1011 2567 etiem
1027 2501 1247 2586 designatam,
1265 2499 1384 2566 endem
1398 2497 1498 2566 nobi·

364 2605 406 2671 iis
424 2604 559 2674 domins
574 2611 724 2674 metrone
740 2627 800 2693 pro
816 2628 875 2676 sue
892 2607 1002 2676 snime
1016 2609 1162 2676 remedio
1179 2608 1267 2676 dioto
1285 2605 1496 2676 Monssterio

364 2713 584 2784 Ssxsrdiensi
607 2714 727 2784 dudum
753 2717 953 2786 nosoebstur
978 2717 1011 2783 in
1037 2724 1228 2804 perpetuum
1252 2716 1498 2804 possidendam

365 2819 559 2906 msignme
575 2829 608 2891 et
623 2824 780 2909 donasse,
797 2843 838 2892 ex
854 2826 1073 2912 permissione
1088 2827 1143 2914 pio
1167 2825 1325 2893 memorie
1350 2821 1374 2910 (i
1385 2823 1420 2908 i)
1436 2823 1496 2890 do·

366 2927 445 2994 mini
460 2929 563 3016 Regis
578 2932 669 3008 Beie,
686 2938 719 3000 et
735 2952 776 2999 ex
802 2951 968 3001 eonseneo
993 2953 1034 3000 oo
1058 2951 1197 3001 assensn
1223 2929 1496 3000 reuerendissinri

364 3037 470 3122 petris
493 3037 618 3106 domini
643 3039 787 3126 Philippi
812 3039 1049 3126 strigoniensis
1064 3039 1330 3128 Arehiepiseopi,
1345 3044 1446 3126 prout
1461 3038 1496 3104 in

364 3145 541 3212 eorundem
557 3149 750 3232 petentibus
765 3149 886 3215 litteris
902 3149 1028 3216 exinde
1044 3149 1204 3217 eontentio
1220 3149 1317 3216 nobis
1332 3145 1497 3218 exhibitis

363 3258 397 3320 et
412 3251 568 3336 perlectis
584 3253 714 3340 plenius
731 3255 871 3323 vidimus
886 3256 1057 3342 eontineri,
1072 3258 1284 3342 presentibus
1300 3257 1407 3326 eoism
1424 3277 1498 3324 ms·

362 3359 465 3443 gistro
480 3359 600 3428 neena
614 3359 682 3430 tilio
698 3364 880 3450 ityehseIis
897 3363 1030 3432 homine
1040 3364 1168 3433 domini
1177 3365 1278 3450 Regis
1292 3363 1496 3448 etreligioso

362 3467 431 3534 viro
447 3467 551 3536 irstre
565 3469 703 3556 Thonis,
720 3471 852 3539 Abbete
868 3472 910 3540 de
925 3471 1089 3560 Feldoer,
1115 3473 1248 3541 homine
1272 3471 1394 3540 domini
1417 3471 1496 3539 Phi·

362 3573 445 3660 lippi
461 3575 697 3659 strigoniensis
725 3579 980 3666 Arohiepisoopi
996 3601 1057 3666 per
1079 3581 1212 3649 eosdem
1229 3581 1275 3648 ed
1291 3579 1498 3647 oiroumdsn·

362 3682 437 3749 dsm
463 3689 496 3750 et
509 3683 780 3754 resmbnlsndsm
796 3687 905 3774 ipesm
922 3693 1054 3756 terrem
1072 3688 1207 3772 Petnrd,
1224 3707 1334 3756 eorem
1351 3687 1421 3758 suis
1446 3687 1496 3754 vi·

362 3788 446 3858 einis
461 3794 494 3855 et
509 3793 732 3860 eonmetsneis
749 3794 810 3862 sub
825 3795 1000 3864 veteribus
1016 3797 1125 3881 metis,
1149 3803 1182 3863 et
1207 3794 1252 3862 ed
1276 3794 1498 3865 estimendnm

362 3897 501 3966 eandem
518 3915 593 3966 enm
618 3900 687 3969 euie
714 3901 831 3972 vicinis
857 3923 968 3970 eoram
995 3923 1060 3971 vno
1084 3924 1126 3970 ex
1152 3903 1248 3972 nobis
1273 3903 1377 3972 irstre
1392 3903 1498 3972 desti·

360 4004 459 4090 netis,
483 4005 602 4076 vieinis
628 4027 755 4093 quoqne
781 4011 887 4096 ipsios
907 4017 994 4080 terre
1013 4013 1138 4080 Peturd
1150 4059 1159 4095 ,
1184 4011 1342 4080 videlieet
1366 4011 1497 4080 Gemite

360 4111 524 4196 Dyonieio
539 4111 607 4182 tilio
623 4115 711 4183 Petri
727 4117 769 4184 de
785 4137 907 4204 genere
926 4120 1157 4206 Beohegregor
1173 4120 1215 4188 de
1230 4119 1400 4202 Feiwrns,
1428 4119 1495 4188 tie·

363 4217 457 4304 orgio
473 4216 539 4286 tilio
563 4221 695 4292 Niooloi
719 4224 762 4293 de
786 4225 926 4310 Petnrd,
955 4224 1092 4296 Nieolso
1125 4235 1159 4296 et
1184 4229 1283 4296 Petro
1307 4225 1385 4312 titiis
1406 4228 1493 4296 eins·

360 4325 445 4406 dem,
464 4327 564 4396 Petro
581 4336 615 4398 et
632 4331 770 4402 Nioolno
785 4331 863 4419 fiiije
879 4334 1069 4403 Leusteohii
1084 4333 1126 4402 ds
1141 4334 1270 4420 Zspnd,
1287 4354 1328 4404 ao
1353 4333 1496 4420 Stepho-

359 4448 402 4495 no
417 4429 485 4500 tilio
501 4436 592 4504 Petri
609 4436 651 4506 de
666 4439 831 4524 Kornnso,
847 4446 987 4526 petrono
1004 4441 1202 4527 Monssterij
1229 4440 1271 4508 de
1295 4443 1392 4526 Bsts,
1419 4461 1494 4528 pre

359 4537 547 4608 senoislitsr
570 4545 768 4632 astantibus,
784 4547 1048 4636 permittentibus
1073 4557 1106 4617 et
1131 4549 1424 4620 oonsenoientibns
1451 4569 1492 4616 eo

359 4655 424 4705 non
452 4649 761 4736 oontredioentibus,
788 4657 1018 4740 pronominato
1043 4657 1162 4728 coniti
1187 4659 1301 4727 Bodnr
1316 4677 1377 4746 pro
1394 4677 1492 4727 sexo·
