3270 5280
858 327 1016 428 Q

381 523 525 592 Prelatis
541 544 599 610 per
617 522 798 610 Ungariam
816 528 1011 610 constitutis,
1028 527 1167 592 salutem
1184 532 1244 589 etc.
1278 521 1414 589 Terram
1432 539 1510 587 san-

381 640 478 715 ctam,
495 653 594 715 quam
610 629 800 716 unigenitus
826 634 889 704 Dei
913 633 1008 718 tilius,
1026 633 1177 700 dominus
1194 632 1290 698 Jesus
1308 630 1457 696 Christus
1475 629 1510 693 in

379 742 546 826 proprium
563 740 626 806 sibi
643 741 876 827 patrimonium
893 747 926 807 et
942 741 1158 808 hereditatem
1175 740 1286 824 elegit,
1303 737 1510 822 conspicien-

313 882 321 894 =
379 856 430 915 tes
446 848 576 916 feritate
594 848 798 918 diversorum
815 848 994 916 infidelium
1021 849 1202 914 immaniter
1217 847 1366 930 lacerari,
1384 845 1459 910 vias
1476 848 1511 909 et

379 955 494 1025 modos
512 957 745 1026 desideranter
771 956 984 1042 exquirimus,
1009 957 1127 1040 quibus
1152 954 1258 1023 eidem
1278 961 1363 1020 terre
1379 949 1511 1038 possint

379 1070 567 1150 opportuna
582 1064 729 1151 presidia
744 1071 857 1133 nostro
873 1063 1054 1132 ministerio
1071 1064 1253 1150 provenire.
1271 1062 1381 1142 Quare
1398 1060 1441 1126 de
1454 1077 1509 1124 ve·
1571 1059 1577 1070 '

380 1174 521 1242 nerabili
538 1173 639 1241 fratre
656 1179 778 1240 nostro.
796 1223 804 1238 .
822 1221 829 1236 .
847 1221 855 1238 .
872 1171 1131 1258 Archiepiscopo
1158 1170 1392 1256 Strigouiensi,
1412 1187 1509 1252 quem

381 1285 444 1350 Dei
461 1283 608 1351 timorem
634 1281 758 1348 habere
784 1279 945 1348 oredimus
963 1287 1164 1365 clamorem,
1183 1281 1302 1363 quique
1319 1276 1508 1362 multiplici·

381 1392 442 1458 bus
459 1390 554 1457 donis
571 1390 724 1456 virtutum
741 1389 899 1473 preditus,
925 1388 1047 1454 utiliter
1062 1389 1124 1456 snit
1140 1395 1172 1456 et
1188 1385 1286 1465 valet,
1303 1386 1359 1453 ubi
1376 1385 1508 1452 labores

377 1497 550 1583 impendit,
568 1499 699 1582 plenam
717 1498 749 1562 in
767 1497 908 1564 Domino
926 1495 1077 1562 fiduciam
1093 1497 1290 1578 obtinentes,
1307 1493 1508 1581 predicatio-

379 1606 576 1674 nemorosis
594 1605 742 1692 predicte
758 1609 842 1670 terre
860 1605 1008 1672 subsidio
1026 1605 1058 1670 iu
1077 1607 1190 1689 Regno
1208 1602 1355 1687 Ungario
1371 1601 1435 1668 sibi
1451 1621 1510 1686 per

354 1717 357 1730 ’
378 1723 509 1782 nostras
528 1716 655 1782 litteras
673 1715 733 1781 sub
751 1720 843 1781 certa
858 1715 962 1780 torma
978 1713 1129 1780 duximus
1146 1710 1437 1780 committendam:
1457 1729 1508 1775 eu-

377 1825 505 1911 pientes
518 1829 554 1890 ut
569 1821 735 1908 negotium
753 1821 858 1908 ipsum
874 1822 907 1887 in
925 1823 1076 1888 manibus
1093 1822 1164 1888 eius
1181 1841 1219 1888 eo
1236 1819 1367 1905 plenius
1386 1819 1510 1884 Divina

378 1932 553 2000 clementia
570 1931 713 1998 iaciente
729 1928 888 2015 proficiat,
915 1949 979 2013 qno
1006 1930 1113 2012 magis
1137 1927 1259 1995 insidet
1275 1926 1367 1992 cordi
1384 1933 1509 2009 nostro,

377 2047 411 2106 et
427 2060 490 2124 quo
508 2039 663 2106 maiorem
679 2040 907 2104 nenessitatem
924 2037 965 2105 ad
977 2039 1115 2121 presens
1132 2035 1238 2104 eidem
1254 2041 1341 2100 terre
1357 2035 1510 2101 novimus

376 2150 559 2216 imminere.
592 2147 735 2230 Ideoque
752 2147 999 2214 universitatem
1014 2150 1159 2212 vestram
1176 2163 1331 2228 rogamus
1350 2149 1384 2212 et
1400 2143 1509 2209 horta-

377 2275 448 2322 mur
465 2259 601 2340 atteute,
618 2254 714 2323 vobis
740 2255 970 2322 nichilominus
987 2254 1020 2319 in
1037 2252 1266 2318 remissionem
1282 2252 1510 2337 peccaminum

375 2365 597 2447 iniungentos‚
613 2371 775 2445 quatenus
791 2363 921 2448 pretato
938 2359 1195 2444 Arohiepiscopo
1212 2369 1245 2426 et
1260 2359 1347 2444 aliis,
1375 2377 1460 2445 quos
1477 2359 1511 2426 in

375 2471 440 2539 hoc
456 2469 528 2555 ipse
545 2475 777 2554 cooperatores
803 2469 949 2553 elegerit,
976 2469 1065 2534 cirea
1090 2467 1195 2550 ipsius
1212 2467 1338 2553 negotii
1353 2485 1509 2552 prosecu-

374 2579 494 2644 tionem
512 2578 674 2646 lerventer
698 2578 856 2646 assistere
881 2576 1058 2659 studeatis,
1083 2573 1247 2642 habentes
1263 2575 1372 2659 ipsum
1390 2573 1510 2642 Archi·

376 2687 579 2773 episcopum,
596 2687 692 2752 immo
708 2687 818 2771 potius
835 2703 895 2751 nos
915 2685 1040 2770 inipso,
1057 2691 1225 2765 tamquam
1242 2683 1341 2750 nobis
1356 2683 1510 2748 intimum

374 2793 409 2858 in
435 2793 580 2860 eiusdem
606 2793 871 2878 prosecutionem
898 2792 1023 2876 negotii
1050 2790 1275 2858 favorabiliter
1301 2793 1333 2857 iu
1365 2792 1510 2858 Domino

374 2899 655 2984 commendatum
682 2901 729 2966 ita
754 2901 842 2982 quod
868 2899 1076 2966 devotionem
1100 2903 1248 2966 vestram
1274 2900 1511 2966 commendare

374 3025 444 3072 oum
461 3009 641 3092 gratiarum
669 3006 854 3074 actionibus
881 3007 995 3072 merito
1012 3007 1198 3089 valeamus,
1212 3025 1255 3072 ac
1270 3005 1509 3074 nichilominus

375 3113 494 3179 exindo
513 3113 632 3182 Divino
648 3111 867 3181 retributionis
885 3113 979 3182 vobis
991 3114 1164 3198 proveniat
1180 3113 1428 3183 incrementum.
1446 3115 1512 3180 Da·

372 3229 439 3287 tum
456 3222 544 3306 apud
561 3220 684 3287 Urbem
701 3219 853 3288 Veterem
880 3219 922 3285 X.
950 3217 1024 3284 Kal.
1054 3220 1255 3290 Novembris
1272 3219 1508 3306 (Pontificatus

372 3326 492 3415 nostri)
509 3347 596 3396 anno
613 3328 720 3393 tertio.

480 3521 541 3590 (IV.
556 3519 655 3576 Orbdn
669 3518 746 3590 pulpa
758 3519 955 3591 Regestdibol,
969 3521 1094 3578 Theiner
1105 3523 1143 3578 id.
1158 3541 1195 3578 m.
1206 3523 1230 3578 l.
1243 3525 1271 3579 k.
1286 3523 1349 3580 aot.
1364 3523 1397 3594 l.)
