3230 5268
845 370 1011 472 Q

368 558 479 639 Regno
497 557 609 621 nostro
626 553 809 634 ubicunque
826 553 1014 634 existentes,
1034 572 1092 640 per
1106 552 1308 618 diuersarum
1324 550 1497 616 talliarum

368 673 400 731 et
426 663 637 730 collectarum
662 672 832 729 exactores
858 669 892 728 ot
908 661 1102 729 collectores
1119 669 1231 728 contra
1248 679 1338 727 suam
1355 678 1497 726 consue-

369 779 437 837 tam
456 771 637 837 libertatern
655 769 876 857 multipliciter
892 777 1097 853 aggrauatas,
1113 769 1274 837 voluimus
1290 777 1324 834 et
1340 769 1498 834 volumus

369 881 527 959 releuare,
544 879 591 944 in
607 878 691 961 qnod
707 897 920 963 quascunque
935 875 1057 961 tallias,
1074 876 1271 944 exacciones
1287 884 1320 942 et
1328 877 1498 942 collectas

368 1009 428 1072 per
444 989 591 1070 Regnum
608 991 766 1066 nostrum,
785 985 869 1051 sicut
885 983 1127 1068 consuevimus,
1145 983 1312 1070 faciemus,
1330 985 1391 1070 ipsi
1408 1005 1498 1050 non-

369 1095 431 1159 nisi
447 1094 617 1160 dimidiam
635 1093 807 1160 collectam
824 1093 951 1158 soluere
967 1098 1149 1174 teneantur,
1166 1093 1236 1157 siue
1252 1090 1371 1157 fuerint
1387 1093 1421 1157 in
1434 1091 1497 1156 de-

368 1205 469 1269 nariis
485 1205 555 1269 sine
571 1204 604 1267 in
621 1201 817 1268 victualibus
834 1202 905 1267 siue
921 1202 954 1266 in
974 1199 1067 1284 aliis;
1083 1198 1255 1266 dummodo
1266 1199 1331 1266 aint
1340 1200 1497 1280 collecte,

369 1332 433 1377 non
458 1311 589 1395 reserat,
615 1329 806 1393 quocunqne
831 1307 956 1376 nornine
981 1313 1181 1375 censeantur.
1199 1309 1237 1372 In
1254 1307 1345 1374 cuius
1362 1307 1411 1372 rei
1429 1328 1498 1374 rne-

358 1419 506 1486 -moriam
532 1417 783 1500 firmitatemque
808 1424 1001 1503 perpetuam
1017 1423 1186 1502 presentes
1205 1416 1427 1482 concessimus
1440 1415 1497 1480 lit-

370 1536 458 1593 teras
486 1527 629 1612 duplicis
654 1526 755 1610 sigilli
782 1527 885 1591 nostri
902 1523 1078 1591 munimine
1093 1525 1277 1590 roboratas.
1294 1523 1418 1590 Datum
1434 1542 1499 1611 per

374 1655 487 1700 manus
504 1634 652 1720 magistri
668 1635 826 1701 Demetrii
843 1633 996 1700 Albensis
1013 1634 1174 1717 Prepesiti
1190 1633 1266 1699 aule
1281 1639 1390 1699 nostre
1411 1631 1498 1698 Vice

370 1745 564 1810 cancellarii
581 1745 688 1810 dilecti
705 1743 853 1810 etfidelis
864 1743 975 1824 nostri,
992 1761 1078 1808 anno
1090 1741 1220 1806 Domini
1232 1737 1290 1806 ld-
1307 1740 1386 1808 00⁰·
1404 1736 1496 1804 LX⁰-

369 1872 463 1932 nono,
490 1852 589 1918 tercio
614 1851 783 1920 Kalendas
808 1849 1013 1934 Nouembris,
1039 1849 1140 1934 Regni
1158 1857 1266 1915 autem
1283 1847 1386 1915 nostri
1402 1867 1495 1914 anno

370 1960 537 2040 trigesimo
554 1965 678 2044 quarto.

549 2155 695 2226 (Eredetie
710 2175 727 2212 a
742 2173 782 2212 su.
797 2153 917 2210 mdrtcni
931 2151 1086 2226 iospdtsdg
1095 2148 1317 2218 levdltdrdban.)

793 2447 1055 2456 ——--—-—-——

891 2997 970 3063 rao.
997 3081 1001 3090 ,

372 3195 643 3281 Iuliocenon
656 3195 772 3258 Tamus
784 3203 904 3258 marteri
914 3195 988 3259 Pulc
1003 3195 1219 3279 nemaetedpbdl
1237 3197 1293 3260 Tot
1308 3208 1389 3261 acolt
1402 3195 1491 3282 fo‘ld·

673 3301 723 3366 del
738 3302 970 3389 adorndnyozza
984 3325 1061 3390 mcp.
1088 3303 1184 3367 1269.

477 3502 559 3569 Bela
574 3499 636 3567 Dei
652 3501 766 3585 gracia
782 3498 967 3584 Hungarie,
994 3500 1184 3586 Dalmaoie,
1202 3501 1361 3588 Oroacic,
1376 3503 1489 3587 Rama,

372 3612 497 3697 Seruio,
515 3609 673 3691 Gallicie,
689 3607 892 3691 Lodomerie,
909 3609 1130 3692 (inmaniaque
1146 3609 1216 3674 Rex
1233 3610 1383 3678 omnibus
1399 3609 1492 3677 chri-

372 3721 414 3788 sti
439 3718 590 3784 fidelibus
615 3723 682 3783 tam
712 3716 922 3803 presentibus
948 3736 1046 3798 quarn
1072 3717 1189 3784 suturis
1214 3720 1354 3784 salutem
1369 3718 1402 3784 in
1418 3721 1491 3786 Do-

373 3827 469 3894 mino.
497 3825 547 3892 Ad
573 3824 800 3891 vniuersornm
822 3823 976 3890 noticiam
993 3832 1105 3892 tenore
1121 3827 1325 3913 presencium
1342 3828 1491 3894 volomus

372 3935 568 4021 peruenire:
586 3932 680 4011 Quod
698 3933 856 4018 magister
871 3931 1016 4000 Thomas
1039 3930 1094 4020 (de
1110 3933 1246 4018 genere)
1272 3934 1346 4000 Pulr
1365 3935 1492 4020 J’anitor

372 4051 484 4111 noster
510 4043 553 4109 ab
580 4047 669 4108 etate
694 4042 807 4106 tenera
824 4047 857 4107 et
872 4041 984 4108 indole
1000 4061 1058 4108 sue
1069 4043 1253 4127 juventutis
1271 4062 1343 4110 curn
1360 4042 1490 4110 feruore

373 4172 431 4218 suc
456 4150 629 4218 fidelitatis
657 4155 689 4215 et
713 4149 810 4214 animi
838 4149 888 4216 sui
913 4149 1077 4218 desiderio
1094 4169 1135 4216 ea
1150 4151 1245 4216 nobis
1261 4152 1294 4217 in
1312 4151 1439 4232 magnis
1455 4139 1492 4218 et

374 4259 487 4326 arduis
512 4259 622 4344 Regni
646 4259 752 4326 nostri
776 4259 923 4342 negociis
947 4257 1105 4346 impendit
1129 4261 1278 4347 semicia,
1299 4280 1362 4346 que
1376 4266 1490 4327 nostre

373 4369 533 4434 voluntati
565 4367 735 4451 plurimum
762 4367 955 4451 placuerunt
980 4375 1013 4436 et
1037 4375 1149 4437 nostro
1176 4371 1290 4454 Regno
1314 4369 1488 4436 admodum

374 4473 502 4541 luerunt
526 4475 702 4544 fructuosa.
727 4473 851 4554 Quibus
877 4476 1094 4546 consideratis
1110 4478 1195 4545 idem
1212 4476 1254 4542 ad
1269 4483 1415 4545 nostram
1431 4499 1487 4547 ac·

374 4580 495 4647 cedens
519 4583 722 4664 presenciam
747 4583 844 4652 nobis
868 4583 1046 4651 humillime
1074 4585 1285 4671 supplicarit,
1302 4591 1335 4652 et
1349 4587 1486 4673 peciita

375 4687 492 4769 nobis,
517 4689 733 4773 riquardum
758 4697 885 4774 terram,
914 4709 975 4773 qne
994 4692 1070 4761 olim
1087 4691 1148 4758 fuit
1162 4691 1388 4779 Bissenorum,
1403 4691 1485 4760 Tctb
