3230 5268
832 990 904 1057 tor.

315 1191 517 1276 suaquarta
532 1189 600 1255 orel
616 1189 763 1277 ttratqnt
776 1188 982 1276 apyoaeaoek
1006 1191 1133 1276 ujdolju
1156 1191 1437 1280 tertomtsanm'rlt

717 1298 749 1362 ts
762 1295 920 1363 roleorroit.
937 1297 1031 1399 l2ll.

422 1492 533 1561 Vestri
548 1489 645 1558 nobis
669 1489 850 1557 retulerunt
873 1490 991 1577 nuntii,
1016 1497 1252 1577 conquerentes
1277 1499 1437 1582 exparte

314 1605 426 1670 vestra
442 1601 486 1668 de
500 1599 667 1668 serissime
682 1597 783 1667 nstro
799 1604 932 1683 nostro;
959 1599 1051 1684 ouius
1067 1601 1166 1666 etiam
1182 1598 1436 1684 seriptaetnun-

315 1709 396 1776 tium
410 1708 603 1795 recepimus,
620 1712 870 1788 eonquerentem
881 1705 976 1774 nobis
987 1726 1058 1774 oum
1070 1705 1234 1794 lacrymis,
1245 1711 1333 1792 qnod
1347 1709 1436 1779 omni

319 1816 438 1886 affeetu
462 1821 496 1884 ot
520 1814 685 1883 desiderio
711 1813 818 1882 sordis
842 1813 962 1899 plenae
985 1813 1156 1882 fidelitatis
1183 1822 1215 1880 et
1231 1819 1438 1886 constantiae

314 1923 409 1994 vobis
425 1924 533 2010 potius
550 1941 649 2009 quam
665 1921 765 1989 alieni
780 1921 877 1988 alteri
892 1939 996 2004 usqne
1011 1923 1045 1988 in
1061 1927 1196 1991 mortem
1211 1935 1349 2008 paratus
1371 1945 1444 1994 sere

314 2033 387 2103 rire
400 2051 576 2116 numquam
593 2030 778 2112 desisteret,
805 2029 980 2098 dummodo
997 2029 1031 2096 in
1057 2031 1126 2100 anis
1151 2031 1358 2118 angustiatus
1383 2055 1438 2104 ne-

316 2139 539 2224 eessitatibus,
556 2157 639 2222 quae
654 2137 737 2223 proh
752 2138 862 2204 dolorl
880 2137 1002 2204 multae
1018 2144 1206 2224 utmagnus
1223 2147 1308 2223 sunt,
1324 2147 1452 2210 vestro·

315 2249 430 2319 farore
444 2255 478 2315 et
492 2247 616 2314 anxilio
633 2245 793 2315 foveatur.
809 2245 852 2311 Et
877 2245 957 2328 quia
972 2247 1033 2314 hoo
1058 2246 1215 2314 haetenus
1241 2247 1305 2316 sibi
1332 2247 1439 2318 defuit

317 2358 406 2426 oiroa
421 2371 491 2440 vos,
507 2354 587 2438 quid
602 2353 693 2421 aliud
707 2351 830 2419 restitit
845 2353 989 2438 anxiato,
1005 2354 1070 2421 nisi
1084 2359 1119 2419 ut
1135 2371 1179 2421 sa·
1197 2355 1367 2442 reciperet,
1378 2356 1437 2425 ubi

317 2469 429 2556 posset
442 2470 616 2547 utoumque
630 2462 733 2530 vitam
748 2461 878 2545 inopem
895 2462 1080 2531 defensare.
1093 2463 1194 2549 Igitur
1203 2461 1362 2531 affliotum
1372 2483 1439 2534 non

316 2573 493 2663 eulpando,
509 2568 754 2657 quisanguiset
764 2587 841 2635 oaro
851 2574 972 2650 restra,
983 2571 1091 2656 potius
1102 2571 1314 2658 sibioompati
1331 2570 1441 2656 digne·

315 2681 395 2750 mini
409 2677 653 2748 miserioordiaa
662 2673 950 2761 risoeribua,quam
962 2677 1115 2762 persequi
1126 2685 1159 2745 et
1168 2681 1323 2764 nonqueri
1331 2679 1374 2746 de
1388 2699 1442 2748 eo·

317 2792 402 2858 dem.
421 2788 558 2856 Plaoeat
575 2786 715 2854 Vestrae
733 2781 910 2852 Dileutioni
929 2787 1120 2854 rarissimae
1138 2789 1362 2876 snpplioantes
1377 2807 1439 2858 nos

321 2896 476 2966 exaudire
486 2893 710 2964 favorabiliter
720 2890 763 2958 de
772 2894 899 2977 eodem,
911 2901 944 2960 et
958 2894 1090 2979 plaosto
1105 2896 1206 2962 animi
1215 2897 1314 2966 vestri
1324 2917 1441 2982 grava

317 3006 414 3090 mine,
425 3005 539 3089 ipsum,
550 3007 586 3069 ut
594 2997 831 3088 praemisimus,
843 3000 886 3068 ad
896 3008 1008 3070 vestra
1017 3003 1127 3072 velitis
1138 3005 1297 3089 obsequia
1307 3023 1440 3075 rerooa·

318 3111 468 3196 rqjuxts
476 3109 681 3199 proverbium
693 3109 853 3194 sapientis
867 3111 1031 3194 :ignotum
1042 3111 1102 3178 tibi
1111 3119 1145 3177 tu
1156 3114 1222 3179 noli
1233 3131 1438 3201 praeponere

319 3221 415 3290 notis.
431 3220 488 3288 Sia
503 3221 601 3305 igitur
616 3218 700 3289 assit
715 3219 778 3287 sibi
791 3225 945 3288 revooato
955 3228 1066 3288 restra
1081 3222 1282 3309 benignitas,
1292 3222 1439 3292 atoario-

318 3329 421 3400 simae
435 3327 585 3394 dominae
601 3329 633 3390 et
647 3327 763 3394 matris
778 3333 918 3411 nostrae,
929 3347 969 3396 ao
979 3329 1115 3397 aliorum
1132 3337 1314 3399 nostrornm
1331 3339 1363 3398 et
1381 3354 1435 3401 ve·

319 3444 460 3507 strornm
484 3433 664 3503 uernalium
690 3455 749 3522 per
772 3442 917 3504 vestram
932 3435 1124 3504 industrium
1140 3440 1275 3524 graoiae
1288 3443 1440 3509 reforma

281 3575 283 3580 ·
319 3553 380 3612 tur.
396 3543 459 3610 His
475 3541 560 3620 enim
576 3541 670 3609 bonis
686 3543 838 3625 operibus
858 3542 960 3610 honor
985 3550 1019 3611 et
1033 3546 1139 3629 gloria
1166 3549 1326 3617 alareseet
1353 3549 1439 3618 luoi-

319 3650 392 3719 dius
408 3651 516 3719 ismae
531 3655 673 3729 restrae,
689 3651 784 3719 nobis
801 3669 928 3736 quoque
949 3671 1122 3737 numquam
1147 3657 1289 3742 possetis
1315 3659 1439 3743 gratius

321 3757 514 3828 benolioium
531 3756 697 3827 exhibere.
713 3757 865 3843 Cogimur
881 3759 978 3827 etiam
997 3763 1159 3846 imputare
1173 3762 1265 3831 voltis
1282 3765 1440 3834 amicabi-

316 3864 402 3949 liter,
419 3866 506 3949 quod
521 3885 580 3933 nos
595 3865 803 3934 salutationis
830 3873 862 3933 et
885 3866 1088 3938 visitationis
1114 3878 1245 3940 restrae
1270 3873 1439 3943 inmeritas

319 3973 427 4043 faoitis
442 3973 513 4040 sina
529 3992 630 4044 eausa
645 3998 654 4040 ε
671 3973 730 4042 sed
746 3976 964 4058 regratiamur
988 3974 1165 4047 affeotnosa
1181 3981 1373 4049 uerissimae
1388 4001 1438 4050 so·

319 4082 384 4150 rori
407 4090 551 4167 nostrae,
578 4087 707 4149 vestrae
733 4082 876 4167 eonjugi,
892 4101 976 4166 qnae
992 4084 1167 4156 salutando
1182 4107 1243 4157 nos
1259 4091 1439 4160 amioabili·

319 4199 367 4257 tsr
382 4209 441 4277 per
456 4209 534 4260 suas
550 4188 678 4260 litteras
698 4189 853 4259 visitavit.

708 4383 850 4460 (Palaeky
863 4403 890 4443 ιι.
903 4385 1047 4456 o.284.1.)

741 4669 998 4687 -u-u———d-u-
