3270 5280
356 1170 381 1237 1
385 1161 421 1228 V.
439 1159 521 1225 Belo
536 1157 645 1244 kirotp
669 1157 915 1246 belybenlropyja
939 1177 962 1218 o
991 1155 1082 1242 pydra'
1106 1155 1329 1242 heptateucus
1352 1154 1494 1222 lusu-tt

364 1270 552 1356 okmdrryu't,
585 1265 667 1350 moly
691 1287 712 1328 o
735 1261 970 1352 pooooaltatmr'
993 1262 1188 1350 apotadpltoz
1221 1265 1344 1330 tartozd
1365 1262 1492 1350 Nyrslur

496 1371 620 1462 belystp
636 1375 666 1438 e's
681 1371 867 1440 latosuinak
875 1368 1130 1460 Jopdllapotctrdl
1152 1372 1228 1440 rao‘l.
1258 1373 1358 1438 1262.

465 1569 548 1636 liele
564 1568 628 1635 Dei
644 1568 755 1654 gracia
779 1566 972 1651 Hungarie,
1000 1564 1182 1653 Dalmaeie,
1208 1567 1357 1653 Oroacie,
1374 1568 1491 1654 Rome,

347 1677 483 1757 ¹Seruio,
501 1673 655 1758 Gallicis,
672 1673 889 1760 Lodomerie,
908 1673 1132 1755 Cumanieque
1147 1675 1218 1741 Rex
1234 1675 1385 1743 omnibus
1401 1675 1493 1742 Obri-

360 1785 403 1852 sti
418 1781 570 1849 fidelibus
587 1789 760 1868 presentes
777 1781 905 1848 litteras
922 1781 1121 1864 inspecturis
1137 1781 1278 1848 salutem
1295 1783 1329 1849 in
1348 1783 1493 1849 omnium

361 1893 538 1961 saluatore.
563 1889 615 1954 Ad
631 1889 858 1956 uniuersorum
882 1887 1037 1954 noticiam
1065 1893 1180 1956 tenore
1204 1889 1412 1975 presenciam
1438 1909 1492 1956 uo-

360 1999 470 2066 lumus
484 1997 678 2083 peruenire,
695 1995 783 2081 quod
799 1995 907 2062 tidelis
923 2001 1035 2062 noster
1061 1995 1173 2064 Fenus
1198 1995 1399 2063 venerabilis
1425 1994 1491 2062 Ab·

360 2108 423 2174 bas
441 2105 555 2174 Sancti
572 2103 704 2170 Martini
719 2103 760 2170 de
777 2103 879 2170 Sacro
896 2102 1006 2169 Monte
1030 2103 1205 2171 Pannonio
1228 2121 1287 2188 pro
1313 2123 1349 2170 se
1375 2109 1410 2168 et
1432 2122 1491 2188 pro

362 2221 525 2280 conuentu
542 2231 602 2278 suo
619 2211 663 2277 ad
689 2217 831 2277 nostram
858 2210 1021 2278 accedens
1047 2211 1252 2297 presenciam
1274 2210 1421 2277 exhibuit
1436 2231 1493 2278 no·

364 2321 417 2386 bis
433 2319 565 2385 litteras
581 2317 728 2405 Capituli
744 2319 924 2386 lauriensis
945 2317 1114 2385 conlectus
1141 2339 1239 2404 super
1263 2325 1351 2384 terra
1375 2318 1491 2400 Nulos,

363 2447 462 2512 qnam
479 2447 552 2493 eum
568 2427 701 2514 populis
726 2427 759 2491 in
786 2427 903 2494 eadem
936 2426 1162 2494 residentibus
1188 2434 1265 2512 post
1278 2425 1493 2494 collacionem

362 2537 498 2620 Regiam
515 2534 715 2603 Monesterio
732 2553 791 2601 suo
808 2533 840 2598 in
858 2535 1087 2602 concambium
1107 2535 1214 2621 predii
1230 2535 1280 2602 sui
1297 2535 1412 2600 Knesa
1437 2554 1493 2599 vo-

364 2647 430 2710 cati
446 2642 488 2708 de
504 2640 740 2725 iobagionebns
757 2640 857 2706 castri
867 2640 1086 2708 Musuniensis
1096 2640 1211 2707 ordine
1230 2641 1400 2708 iudiciario
1413 2637 1494 2705 obti-

363 2751 453 2835 nnit;
471 2748 681 2833 cumidem,
698 2748 784 2814 sicut
808 2747 842 2813 iu
869 2746 992 2815 eisdem
1019 2747 1139 2816 litteris
1165 2747 1327 2814 contineri
1342 2749 1494 2831 vidimus,

365 2877 464 2944 super
479 2858 538 2923 illa
554 2865 641 2924 terra
659 2867 691 2920 et
705 2856 860 2922 libertate
885 2855 1051 2923 hominum
1069 2857 1291 2924 residencinm
1313 2855 1349 2922 in
1365 2855 1492 2937 eadem,

365 2973 479 3032 eontra
495 2965 621 3031 dietum
637 2963 871 3030 monasterium
886 2964 978 3030 litem
994 2965 1222 3047 suscitassent,
1240 2962 1384 3050 petendo
1401 2983 1423 3028 a
1436 2983 1492 3030 no·

366 3072 417 3140 bis
433 3072 693 3154 instantissime,
720 3077 757 3140 st
781 3071 916 3140 easdem
933 3073 978 3139 ad
996 3075 1153 3140 maiorem
1178 3072 1408 3139 certitudinem
1433 3091 1494 3137 no·

266 3203 272 3214 ’
365 3187 433 3249 stro
450 3181 661 3266 dignaremur
676 3180 851 3266 priuilegio
868 3179 1070 3248 confirmare.
1094 3181 1165 3248 Nos
1181 3181 1304 3266 itaque,
1321 3181 1376 3264 qni
1389 3178 1494 3265 ipsius

365 3289 554 3358 monasterii
569 3288 696 3366 nostri,
729 3291 845 3372 utpote
860 3295 1028 3373 patronus,
1045 3289 1203 3356 debemus
1220 3288 1395 3372 invigilare
1412 3307 1496 3355 com-

365 3397 473 3463 modis
490 3403 523 3462 et
543 3397 751 3481 augmentis,
776 3397 906 3463 litteras
932 3395 1078 3482 Capituli
1102 3395 1275 3464 memorati
1301 3415 1399 3483 super
1423 3393 1497 3483 ipso

366 3503 454 3572 facto
472 3511 568 3572 ratas
585 3505 746 3571 babentes
772 3511 805 3570 et
820 3512 976 3591 acceptas
986 3553 996 3589 ,
1022 3525 1063 3570 ne
1080 3523 1177 3592 snper
1194 3506 1268 3590 ipsa
1283 3511 1373 3572 terra
1387 3505 1495 3572 Nulos

367 3619 426 3678 out
442 3611 638 3680 condicione
654 3612 823 3682 hominum
839 3612 1058 3698 predictorum
1068 3613 1165 3700 lapsu
1176 3614 1332 3699 temporis
1343 3647 1388 3661 -
1398 3648 1443 3661 -
1453 3647 1498 3660 --

366 3719 484 3788 Abbas
499 3722 554 3788 vel
570 3721 808 3789 Monasterium
824 3721 939 3788 Sancti
955 3719 1088 3788 Martini
1103 3721 1217 3805 impeti
1232 3724 1343 3789 valeat
1363 3741 1424 3808 per
1439 3721 1499 3789 ali·

367 3845 480 3910 quem,
506 3829 706 3894 auctoritate
722 3829 930 3913 presencium
947 3829 1189 3900 confirmandas
1216 3829 1370 3896 duximus
1394 3837 1427 3897 et
1453 3827 1497 3894 ad

367 3930 488 4000 iustam
505 3933 703 4020 peticionem
718 3933 840 4019 prefati
859 3936 943 4002 Fani
958 3936 1099 4002 Abbatis
1124 3936 1261 4004 easdem
1287 3937 1499 4022 presentibus

366 4042 574 4111 inserendas.
602 4041 745 4120 Quarum
762 4042 893 4126 quidem
910 4043 988 4111 talis
1005 4049 1076 4111 est:

474 4151 511 4216 In
531 4151 661 4217 nomine
679 4151 803 4217 Sancte
825 4149 1000 4217 Trinitatis
1016 4159 1050 4218 et
1066 4149 1240 4217 Indiuidue
1266 4147 1439 4217 Trinitatis
1459 4147 1499 4214 B.

366 4257 557 4343 Propositus
573 4264 605 4324 et
621 4257 808 4342 Capitulum
825 4257 972 4325 Ecclesie
989 4256 1181 4325 Geuriensis
1198 4265 1257 4325 etc.
1275 4255 1500 4344 (Kbvetkezilr

367 4385 390 4431 a
405 4367 503 4451 gydri
519 4363 756 4450 kaptalannok
775 4365 909 4430 12221ςὶ
926 4363 1113 4450 okmtnya,
1130 4366 1219 4449 mely
1234 4363 1410 4433 olvashato
1428 4361 1500 4430 Ok-

367 4474 588 4558 mtnyttrunlr
606 4473 632 4536 l.
649 4471 831 4539 kbteteben
849 4472 922 4538 189.
939 4473 961 4538 l.
981 4473 1054 4540 109.
1075 4491 1119 4538 sn.
1138 4469 1185 4557 a.)

475 4581 513 4644 In
539 4579 629 4648 ouius
654 4581 703 4647 rei
729 4579 915 4650 memoriam
941 4579 1193 4665 firmimtemque
1217 4585 1411 4666 perpetuam
1429 4601 1501 4669 pre·
