3230 5268
416 1203 548 1270 som
562 1203 666 1268 asor
680 1205 713 1270 o
725 1201 1004 1293 mpeycopea
1022 1161 1260 1282 occursans,
1269 1224 1291 1266 a
1300 1199 1459 1286 cercyna
1472 1217 1542 1261 m·

413 1311 543 1378 deducat
557 1311 639 1379 ddtul
654 1309 800 1400 elsoplult
815 1312 895 1379 Leto
909 1316 990 1378 nevit
996 1311 1104 1400 pctus
1118 1309 1323 1378 Barlcdooe's
1345 1305 1465 1374 Kassa
1489 1325 1540 1368 roe·

412 1420 587 1499 motam,
613 1422 721 1486 tetta
745 1420 887 1508 occepi
901 1426 1002 1509 jopen
1028 1431 1191 1500 tortozott,
1216 1417 1409 1502 oisnuodja.
1438 1411 1536 1478 1268.

518 1638 717 1706 consensius
742 1635 910 1705 Palatinus
936 1645 969 1704 et
992 1638 1107 1706 Comes
1133 1635 1348 1724 Symign'emis
1364 1628 1537 1698 rniuersis
1569 1677 1572 1681 -

412 1745 534 1816 Christi
557 1744 721 1815 fidelibus'
735 1745 941 1832 presencium
966 1745 1119 1814 noticiam
1145 1744 1303 1812 habituris
1329 1741 1479 1808 sulutem
1504 1738 1537 1803 iu

411 1854 550 1922 Domino
567 1855 806 1940 sempiternum.
824 1855 876 1921 Ad
892 1854 1116 1924 uniuersitatis
1127 1861 1237 1921 nestrc
1248 1851 1406 1918 noticiam
1417 1856 1535 1914 tenore

410 1963 611 2050 presencium
626 1964 776 2032 uolumus
793 1965 972 2050 pervenire,
990 1962 1164 2049 quodcum
1180 1981 1239 2030 uos
1256 1961 1406 2030 dominus
1418 1961 1535 2022 noster

411 2067 552 2140 Illustris
578 2071 660 2138 Bela
685 2069 754 2140 Rex
782 2071 949 2154 Hungurie
973 2071 1015 2138 ud
1042 2071 1245 2149 reuocandas
1269 2077 1374 2136 terras
1390 2087 1433 2132 ac
1456 2066 1527 2132 aiis

410 2179 480 2246 iura
504 2179 660 2248 nobilium
685 2200 743 2266 per
771 2180 986 2265 uduornieos,
1006 2189 1207 2265 castrenses,
1233 2178 1371 2267 populos
1393 2174 1531 2244 domine

408 2287 534 2370 Regius
551 2297 584 2355 st
599 2289 682 2358 ulios
699 2289 874 2358 cuiuslibet
893 2288 1095 2359 condicionis
1110 2290 1259 2357 homines
1277 2294 1462 2372 occupata,
1490 2283 1531 2348 ud

408 2396 601 2465 comitatum
617 2395 856 2483 Symigiensem
871 2399 1126 2481 transmisisset,
1150 2407 1183 2464 et
1210 2397 1352 2482 quinque
1377 2392 1530 2462 homiues

409 2505 452 2597 de
476 2503 642 2574 nobilibus
667 2506 771 2590 ipsius
798 2505 981 2574 Comitatus
995 2509 1119 2576 electos
1136 2527 1196 2592 per
1213 2523 1328 2574 omnes
1343 2502 1474 2570 nobiles
1491 2499 1531 2566 de

407 2613 715 2700 eodem.domitctu;
731 2614 916 2686 Johunnem
933 2617 1091 2684 comitum
1101 2615 1202 2682 fllium
1214 2615 1306 2703 Isyp,
1320 2611 1477 2680 Cosmum
1488 2601 1529 2672 de

408 2723 553 2807 Koauua,
580 2721 770 2808 Gregorium
796 2723 894 2792 filium
909 2725 1066 2808 Juharus,
1088 2725 1290 2812 Stephanum
1306 2721 1406 2788 tilium
1422 2717 1530 2784 Deera
1598 2720 1604 2734 ’

406 2837 438 2898 et
461 2827 620 2899 'rhomum
638 2829 680 2898 de
697 2831 835 2919 Wyziou
853 2834 947 2902 nobis
963 2835 996 2900 in
1012 2832 1117 2902 socios
1142 2832 1341 2918 deputasset,
1360 2836 1393 2895 et
1418 2823 1525 2913 ijdem

406 2940 546 3024 quinque
571 2941 698 3010 nobiles
714 2941 796 3026 socij
822 2943 924 3010 nostri
957 2941 1178 3028 iureiurando,
1195 2947 1282 3008 tecto
1299 2943 1414 3008 suueto
1434 2941 1468 3002 et
1483 2931 1529 2996 ui·

404 3045 497 3116 nifice
512 3047 627 3118 Crucis
643 3049 732 3135 ligno
748 3047 890 3134 Domini,
907 3049 1038 3117 domino
1064 3049 1146 3134 Regi
1172 3047 1412 3135 promisissent,
1439 3035 1528 3127 qnod

398 3155 467 3222 ¹oon
493 3155 582 3224 aliod
607 3157 669 3224 nisi
686 3157 757 3224 iura
783 3157 941 3226 nobilium
959 3159 1105 3226 indebite
1120 3177 1180 3243 per
1197 3156 1457 3224 conditionarios
1474 3167 1527 3216 oe·

405 3269 533 3352 ⁰upata,
550 3263 775 3351 restituerent,
791 3272 824 3332 et
840 3267 950 3334 eciam
966 3267 1160 3334 secundario
1185 3265 1280 3332 nobis
1306 3265 1404 3333 tectis
1429 3267 1526 3335 sacro

407 3374 528 3440 sanctis
556 3372 704 3459 reliquijs
721 3381 752 3440 et
768 3375 939 3460 euangelio
957 3396 1054 3462 super
1072 3375 1157 3442 filios
1173 3373 1313 3442 filiorum
1328 3395 1462 3443 suorum
1477 3374 1526 3440 iu·

403 3488 533 3550 russcnt
557 3481 637 3550 illud
664 3481 762 3568 idem,
787 3490 819 3550 et
844 3491 978 3570 receptu
993 3485 1053 3552 tali
1068 3483 1225 3551 csuciono
1241 3483 1525 3568 processissemus

403 3588 446 3656 ad
461 3597 652 3675 preceptum
667 3589 788 3657 domiui
803 3591 901 3678 Regis
918 3592 1159 3677 supradictum
1175 3591 1337 3660 Barlabas
1354 3597 1387 3656 et
1402 3589 1522 3678 Kylia·

402 3716 473 3782 nus,
500 3697 560 3784 filij
575 3695 742 3776 «Iohannis
767 3699 892 3768 nobiles
916 3697 958 3764 do
973 3701 1122 3788 Symigio
1138 3698 1179 3769 ds
1195 3699 1383 3787 pastoribus
1401 3697 1524 3767 domini

398 3805 498 3891 Bagis
522 3804 563 3873 de
588 3805 705 3874 (tudun
737 3808 901 3890 quandem
927 3809 1121 3894 particulam
1148 3813 1232 3874 terre
1249 3827 1307 3875 sue
1324 3806 1523 3874 hereditarie

400 3913 483 3981 Lete
497 3919 622 3998 vocate,
638 3916 861 3983 continentem
878 3917 911 3982 in
928 3935 963 3982 se
980 3917 1215 4002 quinquaginta
1230 3917 1355 4001 iugera,
1368 3917 1454 3984 sicut
1465 3935 1523 4004 por

399 4025 503 4091 risum
520 4022 733 4091 considerare
750 4024 925 4108 potuimus,
952 4031 1116 4111 receptum
1142 4031 1175 4091 et
1200 4023 1360 4091 violenter
1384 4043 1522 4110 occupe-

399 4140 467 4200 tum
483 4149 557 4202 esse
575 4131 729 4198 dicebant
747 4149 856 4232 copam
873 4132 966 4201 uobis
983 4141 1141 4203 eteorum
1158 4131 1383 4200 coniudicibus
1400 4134 1522 4202 nostris

402 4239 567 4328 predictis,
587 4245 621 4308 et
645 4259 705 4325 per
730 4239 865 4308 turmam
891 4241 1114 4324 inquisiciouis
1139 4243 1324 4327 petiuerunt
1338 4242 1403 4309 sibi
1418 4241 1520 4311 reddi.

400 4346 518 4417 Vemm
536 4367 609 4416 oum
624 4367 683 4416 nos
700 4346 743 4416 ad
759 4349 866 4435 ipsum
883 4350 1129 4434 inquisicionem
1152 4351 1437 4437 processissemus,
1462 4349 1522 4418 sci·

403 4455 509 4522 simum
523 4457 694 4541 ueraciter,
714 4456 834 4525 dictam
851 4463 969 4525 terram
986 4457 1090 4526 fuisse
1105 4459 1145 4526 de
1161 4458 1230 4526 iure
1247 4458 1444 4528 hereditario
1470 4479 1521 4528 no·

400 4559 515 4630 bilium
531 4563 756 4650 predictorum,
773 4564 817 4632 sd
833 4567 988 4635 maiorem
1004 4571 1115 4634 nmen
1139 4567 1300 4635 cautelam
1317 4567 1408 4654 ipsos
1433 4567 1519 4636 nobi·

399 4667 449 4736 les
474 4665 646 4738 Bariobam
673 4672 797 4739 scilicet
818 4679 850 4741 et
866 4673 1048 4760 Kylianum
1063 4695 1162 4762 super
1176 4676 1327 4762 predicto
1346 4684 1435 4744 terre
1455 4695 1520 4764 per-
