3270 5280
339 1197 450 1262 Ietedn
471 1191 705 1282 &511thme
728 1191 858 1279 Mituzy
880 1188 1022 1280 quefuuk
1045 1189 1155 1256 Patale
1178 1185 1323 1254 Man
1346 1207 1406 1275 ew
1428 1195 1473 1252 te-

284 1313 287 1321 ‘
695 1311 788 1388 ronyt
804 1299 998 1386 adomdnyoz
1014 1296 1112 1362 1262.

447 1480 519 1549 Nos
536 1478 725 1566 Stephanus
747 1479 811 1546 Dei
836 1475 952 1564 gretie
977 1477 1050 1544 Rex
1073 1473 1312 1560 primogenitus
1329 1469 1476 1540 Illustris

338 1589 440 1674 Regis
454 1585 729 1672 Hungsris‚Dux
753 1585 996 1652 Transilueuus
1020 1583 1177 1650 memorie
1202 1577 1476 1649 commendantes

341 1694 566 1782 significemus
592 1695 756 1762 uniuersis
781 1692 991 1779 presencium
1015 1709 1075 1776 per
1100 1695 1267 1755 tenorem:
1292 1685 1391 1767 Quod
1413 1705 1477 1754 uos

340 1803 517 1887 quemdem
540 1801 656 1869 turrim
672 1802 706 1868 in
723 1807 833 1870 uestro
849 1803 960 1866 nostro
976 1796 1017 1862 de
1032 1796 1138 1864 Potok
1154 1814 1196 1861 ex
1213 1802 1312 1881 perte
1329 1803 1476 1880 septem·

339 1910 475 1978 triennii
491 1909 708 1992 existentem,
725 1908 871 1976 nondum
888 1905 1087 1993 prefectum,
1113 1903 1175 1971 sub
1202 1911 1315 1970 nostro
1343 1901 1479 1969 nomine

246 2060 250 2068 -
340 2022 563 2086 construetum
579 2015 699 2084 comiti
712 2015 865 2084 Miehseli
880 2014 949 2081 titio
964 2013 1053 2082 Uhul
1068 2011 1156 2082 fideli
1182 2017 1296 2082 nostro
1311 2018 1477 2098 perpetuo

339 2122 525 2192 duxerimus
553 2123 801 2190 eonferendum.
830 2123 882 2188 Ite
897 2123 983 2205 quod
999 2140 1071 2186 sem
1086 2118 1236 2206 perfieist
1260 2121 1354 2204 ipse,
1387 2119 1479 2186 idem

338 2236 498 2317 perpetuo
513 2228 703 2314 possideat,
730 2236 765 2296 et
787 2228 863 2296 filiis
888 2228 956 2296 suis
983 2227 1193 2314 imposterum
1209 2226 1423 2311 relinquendi
1440 2225 1476 2290 li·

339 2339 453 2404 berem
469 2335 596 2402 hebeat
611 2335 824 2423 facultatem
840 2335 888 2402 its
903 2333 1007 2402 eeiem
1022 2385 1031 2419 ‚
1048 2335 1137 2419 quod
1153 2337 1182 2402 si
1196 2335 1342 2403 Domino
1360 2350 1479 2402 eques

340 2442 439 2510 dente
454 2443 603 2526 Regnum
624 2441 723 2510 inerit
747 2442 987 2527 intranquille,
1004 2442 1111 2510 dietus
1126 2439 1270 2510 Mieheel
1296 2439 1421 2508 Comes
1446 2444 1480 2506 et

339 2547 401 2615 tilii
416 2547 467 2614 sui
482 2567 696 2633 possessores
722 2549 811 2616 diets
835 2550 935 2614 turris
959 2549 993 2614 in
1018 2547 1107 2614 nullu
1132 2547 1264 2634 juditio
1290 2547 1479 2616 Castellani

339 2643 448 2741 ipsius
464 2655 566 2722 uestri
582 2649 718 2723 adstare
734 2659 924 2740 tenemini-3
950 2655 979 2722 si
1004 2673 1081 2722 vero
1107 2653 1235 2739 aliquid
1256 2655 1386 2722 sinistri
1403 2673 1478 2724 eus

339 2761 435 2844 uerit,
460 2761 550 2846 quod
565 2767 675 2829 tumen
692 2763 802 2845 absit,
818 2761 941 2830 iudicio
959 2763 1142 2832 Gusteltsni
1168 2764 1280 2850 ipsius
1295 2765 1401 2830 uestri
1417 2761 1479 2830 sd-

340 2873 431 2938 stere
451 2873 633 2955 teneantur,
648 2870 735 2936 sieut
749 2869 809 2936 elii
824 2868 858 2934 iu
874 2866 992 2937 eudem
1012 2875 1122 2938 uestro
1150 2875 1421 2952 commorantem
1446 2873 1481 2936 et

340 2975 536 3043 insistemis
552 2983 682 3060 partem
697 2976 844 3042 habeant
855 2977 1068 3044 communiter
1084 2995 1156 3044 eum
1169 2978 1306 3045 eisdem.
1319 2977 1481 3045 Preteree

338 3082 581 3166 eoueessimus,
615 3083 703 3166 quod
719 3103 792 3150 uum
808 3081 894 3150 idum
909 3083 1053 3152 Miehuel
1069 3087 1190 3155 eomes
1205 3087 1260 3154 vel
1283 3086 1338 3152 sui
1354 3083 1417 3154 tilii
1431 3083 1480 3152 vi-

340 3190 463 3258 etualiu
479 3207 538 3256 seu
554 3190 624 3258 alie
639 3209 831 3275 quecunque
846 3211 907 3278 pru
932 3191 1074 3259 utilitate
1105 3191 1194 3260 diets
1213 3198 1316 3260 turris
1344 3205 1379 3260 et
1404 3211 1480 3262 suo·

341 3316 414 3363 rum
429 3296 475 3363 sd
490 3296 599 3381 ipsum
616 3304 760 3364 uestrum
777 3298 955 3367 transferre
970 3299 1141 3384 volueriut,
1173 3300 1300 3366 nullum
1316 3301 1478 3369 tributum
1576 3293 1579 3304 '

345 3403 538 3487 nullumque
553 3403 710 3472 muletam
737 3407 790 3471 uel
815 3405 1013 3473 tricesimam
1028 3407 1063 3472 in
1090 3407 1260 3491 aliquibus
1275 3407 1361 3474 loeis
1377 3407 1481 3476 tribu-

342 3519 451 3580 turum
466 3510 551 3577 dare
567 3517 747 3578 teneeutnr.
772 3511 895 3579 Datum
910 3513 944 3580 in
967 3519 1068 3598 ponte
1084 3513 1241 3580 Bucherd
1271 3515 1357 3585 feris
1381 3521 1483 3585 sexte

343 3625 422 3703 post
437 3618 559 3686 festum
574 3618 688 3686 Sancti
705 3619 851 3705 Georgii,
867 3641 955 3690 snuu
972 3620 1105 3691 Domini
1130 3621 1252 3690 M⁰GG⁸
1263 3623 1484 3706 sexagesimo

347 3727 505 3795 seeundo.

561 3897 727 3972 (Kaprinsy
739 3898 941 3968 kesirstsibeh
968 3897 995 3954 4.
1007 3896 1041 3955 B.
1056 3897 1149 3973 lqket.
1172 3901 1214 3958 li.
1228 3901 1261 3975 1.)
