3230 5268
876 337 1035 440 ‚gut-

391 536 603 623 presentibus
617 552 730 602 eoram
745 533 839 600 nobie
855 534 984 619 perlegi
1000 535 1149 604 fecerunt
1175 533 1341 618 scriatim,
1367 529 1526 600 eiusdem

394 643 511 712 ricinis
527 644 560 709 iu
576 643 664 709 nullo
681 641 986 721 contradicentibus,
1003 642 1062 712 scd
1088 645 1201 726 pocius
1228 640 1528 720 consencientibus

390 753 424 820 in
440 752 504 820 hec
519 759 626 838 parte,
641 749 754 818 taliter
771 750 1030 833 distinguuntur.
1054 753 1164 818 Prima
1179 751 1283 818 eciam
1308 762 1343 818 et
1358 748 1525 834 capitulis

388 866 477 926 meta
491 859 607 945 incipit
623 858 666 924 ab
683 858 808 924 oriente
824 855 858 924 in
875 858 985 942 eapite
1011 859 1183 926 cuiusdam
1199 860 1287 925 sicce
1301 857 1411 938 vallis,
1427 857 1525 924 inter

392 968 498 1035 telles
522 983 698 1053 processus
723 962 889 1049 egreditur
913 965 955 1032 ed
979 967 1165 1049 aquilonem
1181 987 1203 1034 a
1219 965 1329 1053 eapite
1344 964 1525 1032 cuiusdam

387 1078 476 1164 putei
504 1075 692 1142 Obeboleuco
720 1073 830 1142 uocati
855 1073 910 1140 vbi
936 1081 1013 1140 sunt
1045 1079 1112 1142 tres
1137 1079 1221 1140 mete
1247 1082 1353 1140 terroe
1390 1072 1522 1156 capita

386 1187 456 1270 les,
482 1203 586 1271 prope
610 1188 750 1266 quotuor
779 1181 914 1248 arbores
948 1182 1077 1267 mopyal
1110 1181 1239 1268 posite,
1265 1181 1322 1248 ubi
1348 1186 1400 1246 eat
1425 1186 1522 1246 terra

386 1293 577 1378 llonssterij
603 1287 835 1358 Sarardieusis
866 1289 1018 1356 Kuesd
1042 1285 1110 1373 (ma
1134 1285 1288 1375 Kduesd)
1314 1297 1455 1389 uocata,
1484 1294 1522 1354 et

383 1413 472 1472 terra
496 1399 633 1468 Comitis
656 1397 808 1482 Dyouisij
833 1394 893 1482 filij
928 1397 1018 1462 Petri
1051 1397 1252 1464 Fclrurus
1287 1373 1518 1481 (Fet-lirosa

383 1501 842 1593 diets,eidemte1rePelurd
861 1503 1065 1588 vicinantes5
1089 1525 1226 1588 quarum
1252 1506 1388 1589 quidem
1412 1504 1517 1570 trium

381 1625 539 1686 netarum
554 1635 620 1683 una
634 1620 769 1698 separet
791 1612 991 1681 Monosterio
1017 1614 1243 1695 Saxardiensi,
1267 1613 1376 1680 altore
1393 1610 1517 1678 comiti

381 1725 541 1814 Dyonisio
557 1731 589 1790 et
604 1722 707 1790 tercie
723 1720 842 1788 domiti
857 1720 985 1806 Bodur;
1011 1721 1087 1788 inde
1105 1724 1195 1788 iuxta
1211 1727 1332 1788 terram
1356 1719 1512 1788 Felvruus

383 1836 426 1903 ab
442 1835 568 1902 oriente
584 1837 816 1914 remanentem,
832 1830 1040 1916 progreditur
1055 1831 1181 1898 directe
1199 1850 1314 1900 versus
1339 1829 1513 1896 meridiem

383 1943 429 2013 ad
454 1944 564 2010 laeum
591 1939 955 2026 Gyounoulertes
990 1936 1248 2027 (Diszudiertde)
1273 1945 1450 2023 uocatum,
1477 1935 1512 2004 in

380 2068 445 2136 quo
470 2053 544 2118 laco
564 2067 653 2133 aqua
677 2045 833 2131 pluuialis
858 2053 1015 2130 stagnare
1045 2048 1236 2132 consueuit,
1270 2047 1324 2113 ubi
1349 2051 1428 2114 suut
1445 2043 1510 2110 due

378 2163 466 2224 mete
480 2165 594 2233 terroe,
607 2173 821 2238 querumvna
832 2159 968 2241 separat
983 2159 1069 2220 terre
1079 2155 1248 2238 Fclwrus,
1259 2155 1368 2220 altera
1384 2151 1509 2220 Oomiti

379 2264 508 2347 Bodur;
524 2263 641 2329 deinde
655 2258 834 2330 reflectitur
849 2279 964 2330 versus
980 2262 1195 2343 occidentem,
1224 2262 1399 2346 euudoque
1419 2261 1507 2327 dire·

377 2378 428 2438 ote
443 2369 487 2438 ed
502 2369 713 2455 occidentem,
725 2370 817 2436 iuxta
827 2376 949 2438 terrem
958 2369 1126 2454 Felwrws,
1140 2391 1162 2436 a
1178 2370 1315 2437 meridie
1331 2388 1507 2436 remanen-

375 2485 453 2561 tem,
472 2476 563 2544 uenit
577 2475 622 2544 ad
637 2475 804 2560 quoddam
819 2476 992 2544 soestatum
1008 2479 1141 2562 longum
1166 2478 1249 2541 ceule
1278 2476 1402 2542 dietum
1412 2523 1422 2558 ,
1451 2474 1507 2542 vbi

375 2591 451 2653 suut
466 2585 625 2652 duemete
641 2591 758 2668 terroe,
773 2604 909 2667 quorum
926 2605 992 2652 vna
1008 2591 1143 2669 separet
1160 2591 1246 2652 terre
1262 2585 1436 2666 Felwrws,
1457 2583 1506 2650 el·

373 2703 445 2761 ters
470 2692 589 2760 comiti
612 2692 740 2775 Bodur3
766 2691 888 2759 abinde
911 2693 1002 2760 iuxta
1028 2695 1137 2780 ipsum
1158 2693 1320 2760 fossatum
1337 2695 1370 2759 in
1388 2690 1506 2758 vicini·

377 2806 449 2868 tate
464 2805 549 2868 terro
559 2799 704 2866 Fclvrws
719 2819 741 2866 a
757 2799 895 2868 meridie
909 2802 1111 2868 remanentis
1127 2800 1233 2868 eundo
1249 2799 1370 2868 directe
1385 2819 1507 2868 versus

372 2907 576 2978 occidentem
602 2907 894 2991 descendendoque
920 2909 963 2975 ad
988 2909 1153 2992 quoddam
1169 2930 1285 2976 nemus
1302 2910 1444 2976 intelle
1461 2909 1504 2974 si·

372 3021 451 3101 nm,
476 3022 509 3083 et
534 3015 736 3084 beueeundo
752 3015 857 3100 ipsum
887 3037 1000 3084 nemus
1016 3018 1226 3086 uescenditur
1256 3019 1302 3085 ad
1333 3017 1503 3102 quendam

371 3121 479 3207 beret,
502 3123 560 3191 ubi
583 3129 660 3190 sunt
683 3129 750 3190 tres
775 3129 860 3188 mete
886 3129 1011 3210 terroe,
1046 3127 1101 3192 vbi
1127 3127 1280 3192 vicinitas
1310 3132 1397 3192 terre
1425 3125 1502 3192 Fel-

371 3245 456 3293 vrws
480 3233 595 3294 uocate
620 3227 822 3312 terminetur,
850 3237 881 3298 et
906 3233 1098 3316 adiungitur
1122 3243 1207 3300 terre
1223 3231 1360 3300 Comitis
1376 3232 1501 3314 Bodur,

368 3335 491 3402 Pcturd
506 3341 633 3418 vocate,
652 3335 806 3404 vicinitas
822 3344 908 3404 terre
925 3339 1060 3425 Georgij
1078 3341 1138 3426 filij
1155 3342 1287 3408 Nicolai
1304 3340 1347 3406 de
1362 3339 1500 3428 Peturd,

366 3441 495 3510 Nicolui
521 3447 554 3507 et
577 3443 665 3508 Petri
687 3441 828 3510 filiorum
845 3446 1004 3532 eiusdem,
1031 3450 1135 3516 eciam
1161 3449 1285 3516 Peturd
1311 3455 1447 3532 uocate,
1476 3467 1499 3516 a

366 3549 501 3617 meridie
517 3548 705 3632 existentis;
721 3569 858 3632 querum
875 3573 952 3622 vcro
968 3556 1066 3620 trium
1091 3563 1251 3624 metarum
1267 3577 1333 3626 vna
1358 3563 1499 3644 separat

365 3661 452 3722 terre
468 3656 625 3739 Felurws,
641 3659 746 3724 altera
753 3660 904 3745 predicto
920 3663 1064 3748 Georgio
1080 3672 1114 3732 et
1128 3665 1207 3752 lilijs
1223 3667 1302 3751 suis,
1318 3665 1496 3736 terciode-

365 3763 436 3830 mili
460 3763 591 3848 Bodur;
617 3763 692 3830 inde
717 3767 948 3836 descendendo
964 3791 1024 3855 per
1040 3779 1160 3838 terram
1177 3775 1338 3842 arabilem
1363 3776 1408 3841 od
1425 3779 1496 3844 val-

364 3867 440 3953 lem,
456 3875 489 3936 et
513 3871 606 3937 iuxta
621 3878 727 3938 terem
745 3876 877 3960 Georgij
896 3884 930 3944 ct
945 3879 1083 3947 liliorum
1101 3901 1233 3950 suorum
1250 3902 1272 3948 a
1286 3885 1429 3952 meridie
1445 3903 1494 3951 re·

364 3983 550 4044 manentem
566 3979 651 4042 inter
667 3981 804 4050 arbores
831 3984 1016 4053 fructiferas
1033 3992 1139 4056 eundo
1156 3991 1280 4058 directe
1297 4011 1413 4060 versus
1430 4001 1494 4060 ter·

363 4099 432 4146 ram
449 4083 584 4167 Zapud
601 4081 762 4174 (Saepod)
778 4099 941 4176 vocatam,
953 4097 1132 4166 scilicetad
1143 4099 1344 4166 occidentem
1355 4120 1492 4170 aescen-

362 4185 449 4253 ditur
472 4210 532 4275 per
556 4191 664 4260 locum
688 4195 922 4266 Zurdukut
952 4199 1184 4289 (szurdok-ut)
1202 4215 1363 4292 vocatum,
1383 4209 1441 4276 vbi
1457 4210 1492 4278 iu

361 4292 470 4378 eapite
485 4297 591 4382 ipsius
607 4299 778 4374 Zurdukut
793 4313 869 4372 sunt
884 4309 945 4375 due
961 4319 1047 4380 mete
1063 4318 1177 4399 terreo,
1202 4336 1268 4382 une
1294 4319 1441 4402 Georgio
1457 4329 1492 4390 et

360 4395 438 4479 filijs
453 4405 531 4487 suis,
548 4407 653 4474 altera
668 4429 747 4480 rere
762 4414 879 4482 domiti
894 4417 1007 4484 Bodur
1023 4429 1239 4510 separantem
1256 4424 1378 4494 abhine
1394 4428 1492 4496 iuxte

358 4505 479 4571 terrem
504 4509 638 4600 Georgij
674 4524 707 4582 at
731 4539 862 4588 suorum
886 4523 1024 4590 filiorum
1050 4547 1072 4594 a
1096 4529 1235 4598 meridie
1256 4543 1489 4604 remanentem

362 4607 470 4674 eundo
485 4612 606 4688 directe
622 4641 738 4693 uersos
754 4635 873 4701 terram
888 4630 1003 4717 Zepud
1019 4634 1063 4702 ed
1079 4638 1284 4708 occidentem
1301 4645 1432 4710 venitur
1442 4645 1489 4716 ad
