3230 5268
158 585 215 630 seu
241 565 380 633 curialis
406 563 539 634 Comitis
566 565 774 632 Posoniensis
794 567 848 646 qui
864 584 922 651 pro
938 574 1083 649 tempore
1098 564 1227 648 fuerint,
1245 563 1276 628 in

156 672 307 740 omnibus
332 681 364 740 el
385 673 568 760 peremnia
587 680 745 761 perpetuo
763 673 914 740 duximus
930 672 1145 740 eximendam.
1163 672 1277 756 ltaque

154 781 197 848 de
214 787 324 849 cetero
339 783 454 868 populi
471 781 507 848 in
525 783 642 849 eadem
658 782 740 850 ville
760 800 818 848 seu
835 787 924 848 terre
941 782 1080 866 Dijenus
1097 781 1277 846 existentes

153 909 216 956 nec
241 889 375 957 rseioue
398 889 489 974 furti,
515 910 575 957 uec
600 891 732 958 racione
747 889 956 973 decimarum,
974 909 1034 958 nec
1060 889 1194 956 racione
1210 905 1275 952 mo-

152 1007 230 1064 nete
253 1004 312 1064 ant
336 997 447 1080 aliquo
467 999 535 1066 alio
552 997 648 1066 modo
661 997 786 1083 judicio
807 997 948 1082 predicti
974 997 1111 1064 Comitis
1136 995 1188 1062 vel
1214 994 1276 1062 eu-

152 1104 247 1172 rialis
263 1107 397 1174 Comitis
413 1108 623 1174 Poscniensis
639 1108 773 1176 adstare
786 1113 963 1175 teneantur
975 1107 1028 1174 vel
1041 1105 1191 1190 compelli
1202 1123 1275 1190 pos·

153 1215 221 1280 sint
236 1220 293 1280 ant
309 1214 452 1282 debeant
468 1216 533 1282 ullo
549 1215 655 1298 modo,
682 1215 743 1282 sed
765 1221 876 1282 nostro
892 1221 1017 1282 tontum
1031 1212 1157 1300 judicic
1174 1213 1275 1280 debe-

152 1329 213 1389 ant
238 1323 415 1408 subjecere.
442 1325 479 1390 ln
506 1325 658 1410 cujusrei
684 1325 874 1391 memoriam
891 1323 1143 1405 firmitatemque
1158 1339 1274 1406 perpe·

153 1439 243 1497 tuam
268 1439 439 1516 presentes
466 1432 618 1500 dedimus
644 1433 773 1500 litteras
795 1432 958 1518 dupplicis
974 1431 1076 1512 sigilli
1091 1430 1194 1495 nostri
1209 1449 1276 1495 mu-

152 1539 275 1605 nimine
301 1538 483 1607 roboratas.
509 1541 630 1607 Datum
660 1561 719 1626 per
745 1559 862 1608 manus
883 1539 1032 1625 magistri
1047 1539 1203 1606 Demetrii
1220 1540 1273 1604 Al·

152 1647 262 1712 bensis
288 1645 435 1714 Ecclesie
460 1649 623 1734 Prepesiti
653 1649 737 1715 Aule
760 1659 869 1716 nostre
887 1647 1180 1717 vicecancellarii
1196 1647 1276 1713 dile-

153 1757 196 1822 cti
213 1765 245 1824 et
259 1757 365 1826 fidelis
381 1759 492 1825 nostri.
509 1759 604 1825 Anno
631 1759 805 1826 Dominioe
831 1759 1077 1828 Inoemscionis
1101 1756 1274 1824 millesimo

152 1864 371 1934 ducentesimo
381 1868 587 1953 sexagesimo
599 1887 694 1955 nono,
705 1867 832 1936 decimo
847 1868 1015 1937 Kalendae
1026 1864 1152 1953 Aprilis
1168 1865 1272 1948 Regni

152 1980 261 2040 nutem
278 1975 381 2043 nostri
398 1994 484 2042 anno
501 1976 667 2062 trigesimo
683 1983 809 2061 quarto.

189 2166 317 2242 (utet.
331 2169 425 2242 kirtly
439 2172 559 2243 recem,
579 2171 610 2228 cs
621 2171 655 2226 11.
670 2169 791 2228 Ultrrlc
803 2171 900 2245 kirtly
920 2167 1236 2243 reresurrectio.)

579 2469 592 2480 ιι
602 2471 822 2484 ——w--oe—

147 3201 166 3264 I
173 3199 206 3264 V.
223 3199 304 3266 Belo
321 3199 428 3288 ltrcly
444 3223 465 3262 a
474 3199 705 3285 pascendolmi
730 3202 864 3285 apdtodp
879 3198 1055 3266 cmrtcolcir
1071 3198 1265 3264 oddozcbod·

520 3305 683 3392 edprrledan
697 3307 777 3372 cedi.
800 3307 898 3372 1269.

252 3505 334 3571 Bela
349 3503 412 3569 Dei
428 3503 539 3587 grecia
554 3503 740 3588 Hungarie,
761 3501 953 3590 Delmucie,
979 3501 1117 3573 Croucie
1126 3553 1134 3587 ,
1152 3505 1268 3591 Reme,

145 3613 278 3692 Seruio,
291 3610 680 3695 Gallicie‚‚Lcdomerie,
708 3611 928 3695 cumanieque
950 3614 1019 3680 Rex
1036 3611 1186 3679 omuibus
1202 3617 1269 3679 tem

145 3719 352 3806 presentibus
377 3739 475 3804 quem
501 3718 616 3788 futuris
640 3726 808 3807 presentes
824 3721 952 3790 litterus
968 3722 1164 3807 inspecturis
1180 3723 1269 3788 salu-

144 3837 209 3897 tem
233 3829 267 3894 iu
293 3830 436 3896 omnium
463 3830 649 3898 Scluatore.
665 3829 801 3914 Regalis
816 3830 949 3915 pietatis
966 3827 1178 3915 prouidencia
1195 3829 1267 3896 uni·

143 3935 246 4006 uersis
272 3936 502 4005 uniuersaliter
518 3943 551 4004 et
566 3936 704 4022 siugulis
721 3937 942 4023 singulariter,
963 3957 1030 4004 uon
1048 3937 1151 4003 solum
1169 3938 1268 4004 meio·

145 4045 242 4128 ribus,
259 4065 372 4114 verum
388 4046 493 4114 eciem
509 4052 543 4111 et
557 4045 696 4113 minimis
723 4044 842 4115 abesse
857 4065 922 4113 uon
939 4046 1044 4114 debet
1060 4045 1091 4110 in
1109 4046 1178 4112 suis
1193 4046 1268 4113 iuri-

144 4154 215 4236 bus,
233 4152 293 4220 sed
317 4153 455 4238 edessc3
484 4154 532 4220 ite
547 4154 632 4237 quod
648 4155 821 4239 unicuique
837 4154 979 4224 roddens
997 4151 1085 4238 quod
1101 4171 1191 4222 suun
1208 4162 1267 4238 est,

143 4264 225 4330 bone
250 4262 299 4330 rei
323 4260 405 4331 dnus
430 4263 621 4348 consultum,
638 4270 672 4330 et
687 4265 897 4349 temporalem
912 4263 1214 4330 remuneracionem
1232 4269 1265 4326 et

143 4377 326 4438 eternorum
352 4375 500 4457 reportet
526 4378 735 4457 augmentum
750 4372 864 4440 merito
881 4372 1087 4458 premiorum.
1106 4369 1190 4436 Hinc
1205 4375 1266 4452 est,

145 4481 227 4564 quod
254 4479 299 4548 ed
324 4480 550 4548 uniuersorum
565 4489 634 4547 tem
650 4481 855 4566 presencium
872 4499 976 4563 quam
992 4480 1173 4546 futurorum
1188 4478 1268 4545 noti.

145 4589 230 4654 ciam
245 4588 359 4654 herum
376 4589 461 4656 serie
477 4590 626 4657 uolumus
641 4589 826 4675 peruenire,
843 4589 929 4673 quod
945 4588 1084 4682 populos
1101 4585 1266 4656 condicio·

139 4695 249 4764 nerim
274 4698 423 4766 Ecclesie
447 4699 541 4768 Beati
566 4698 696 4770 Martini
722 4697 763 4768 de
789 4699 888 4768 Sacro
906 4697 1016 4771 uento
1033 4697 1204 4774 Pannonio
1231 4698 1264 4773 in
