3248 5274
870 385 1027 490 ,tit

394 580 615 648 concessimus
632 579 770 662 litterss,
789 577 928 664 duplicis
945 579 1046 663 sigilli
1068 577 1170 644 nostri
1184 577 1360 644 munimine
1376 577 1511 642 robora·

392 695 456 754 tos.
473 685 595 753 Datum
616 703 673 770 per
699 705 814 753 manns
839 683 988 770 magistri
1014 684 1152 770 Nieolui,
1176 685 1338 772 Prepositi
1363 682 1510 749 Transii-

393 795 479 878 uoni,
495 795 569 860 sule
584 799 693 860 nostre
710 792 1000 878 Vioeiluneellerij,
1016 791 1122 860 fidelis
1139 793 1249 876 nostri,
1266 812 1354 860 anno
1374 790 1508 856 Domini

394 903 566 971 millesimo
581 902 802 970 duoentesimo
819 899 1064 988 septuagesimo
1082 901 1233 968 seeundo.

500 1103 607 1169 leupus.
626 1095 831 1170 Borhtrtytrol
845 1095 967 1152 mosolla
980 1094 1091 1152 Horrdt
1104 1093 1211 1151 isirin.
1225 1094 1251 1150 A
1264 1092 1396 1188 birdlyne
1410 1094 1510 1148 letto·

393 1187 510 1260 psendte
523 1187 588 1258 ktk,
601 1193 686 1244 vitriis
699 1185 730 1242 es
744 1187 810 1242 zbld
823 1187 932 1242 sodrott
944 1185 1096 1257 sslyemrb'l
1109 1185 1234 1257 fiiggbtt.
1256 1187 1337 1254 Eudp.

845 1467 1059 1476 ——n-——.—-—

392 2235 433 2301 Χ.
449 2231 583 2319 Gerpelp
592 2233 684 2317 pdpa
699 2233 875 2319 mepsrdsiti
896 2229 931 2294 V.
950 2231 1057 2294 lstodrr
1078 2250 1209 2314 rnoqyar
1232 2227 1339 2313 kircilp
1363 2230 1508 2292 sneirrru'ru

583 2361 622 2406 ae
639 2338 775 2404 teti-ti
789 2337 1003 2425 mappas-osolt
1019 2336 1200 2402 mosterot.
1219 2337 1316 2401 1272.

499 2535 675 2624 Gregorius
694 2535 876 2622 spissopus
892 2553 1007 2603 seruus
1023 2553 1185 2602 seruorum
1203 2533 1265 2602 Dei
1286 2532 1457 2600 senissimo
1475 2533 1506 2598 in

393 2644 521 2732 cbristo
538 2645 604 2712 filio
620 2649 734 2712 nostro
752 2642 921 2732 Stephano
938 2643 1063 2712 illustri
1088 2643 1171 2729 Regi
1195 2643 1340 2728 Ungsrie
1365 2643 1506 2710 sulutem

391 2763 424 2824 et
439 2753 661 2845 Apostotinum
679 2753 949 2822 benedietionem.
966 2754 1068 2820 Leets
1084 2751 1177 2820 nobis
1192 2752 1389 2822 serenitatis
1404 2751 1507 2837 Regis

391 2862 505 2948 petitio
521 2861 726 2948 continebat,
742 2857 828 2944 quod
845 2877 916 2925 cnm
931 2859 1016 2926 inter
1031 2865 1064 2926 te
1081 2867 1114 2928 et
1136 2859 1337 2928 carissimum
1353 2861 1387 2926 in
1414 2859 1504 2929 chri·

391 2979 442 3038 sto
457 2967 556 3037 filiurn
573 2975 718 3036 nostrum
734 2965 956 3036 Otbuohsrum
972 2966 1135 3035 illustrem
1153 2968 1276 3052 Regem
1292 2969 1426 3037 Boemie
1444 2989 1503 3054 gu-

391 3097 534 3166 errorum
544 3077 730 3166 periculosa
746 3075 937 3144 diserimins
953 3074 1104 3143 seduotor
1120 3074 1254 3144 humani
1262 3077 1393 3162 generis
1410 3077 1505 3144 semi·

390 3193 514 3272 nosset,
539 3185 660 3253 Divino
685 3183 817 3252 tandem
844 3183 1017 3252 elementia
1044 3185 1184 3270 desuper
1216 3185 1395 3272 inspirante
1421 3193 1459 3254 tu
1474 3193 1506 3255 et

391 3295 446 3365 ille
463 3293 560 3394 bonis
576 3293 655 3360 viris
672 3293 895 3362 mediantibus
910 3291 951 3357 de
967 3312 1106 3360 assensu
1132 3294 1332 3361 Preietorum
1349 3301 1381 3362 et
1405 3293 1503 3361 Baro-

390 3423 466 3470 nnm
482 3402 665 3472 utriuslibet
680 3423 796 3492 paoem
811 3409 1001 3489 perpetuom
1012 3403 1144 3490 iniistis,
1155 3403 1312 3472 contestis
1328 3424 1427 3490 supor
1443 3406 1505 3473 boo

390 3509 508 3578 litteris
524 3518 555 3578 et
570 3510 771 3597 interpositis
784 3512 989 3598 juramentis,
1006 3530 1045 3580 oe
1062 3513 1103 3580 de
1120 3512 1504 3602 utriusquobeneplseito

390 3637 448 3706 per
465 3624 571 3688 oertos
587 3617 778 3706 ordinarios,
795 3639 930 3704 quorum
945 3618 979 3688 in
996 3639 1052 3688 ros
1060 3620 1318 3706 jurisdictionem
1327 3641 1506 3710 prorogare

390 3729 539 3813 curastis,
556 3729 588 3816 in
606 3735 775 3814 utrumque
791 3735 933 3797 restrum
952 3729 1082 3798 luerunt
1097 3729 1131 3797 in
1146 3729 1276 3816 seriptis
1287 3730 1505 3799 exeommuni-

390 3837 530 3908 eutionis
546 3837 705 3906 sententie
719 3838 933 3926 promulgate,
949 3859 989 3908 eo
1005 3841 1088 3906 inter
1104 3845 1213 3908 uetera
1229 3859 1384 3926 expresse
1395 3841 1430 3908 in
1440 3846 1504 3910 trs·

390 3951 479 4016 otutu
505 3947 597 4032 pueis
613 3947 737 4032 habito,
755 3946 843 4030 quod
869 3952 957 4016 terro
982 3948 1080 4028 illius,
1108 3949 1163 4032 qui
1190 3947 1365 4016 violaverit
1388 3967 1503 4034 paoem

389 4057 504 4144 ipsum,
520 4075 580 4141 per
596 4055 729 4125 eosdem
745 4055 927 4124 ordinarios
943 4055 1114 4124 interdicto
1131 4058 1356 4126 eoelesiostioo
1381 4076 1504 4144 suppo-

388 4171 505 4248 nutum
522 4163 674 4248 quodque
690 4165 837 4237 Berones
853 4165 949 4248 illius,
967 4165 1022 4250 qui
1046 4185 1163 4251 paoem
1187 4167 1294 4252 ipsum
1318 4166 1502 4247 uiolauerit,

389 4273 431 4340 sb
447 4272 549 4362 ipsius
565 4274 686 4340 auxilio
703 4279 736 4340 et
752 4271 946 4342 defensione
963 4274 1148 4359 discedant,
1174 4275 1368 4343 assistentes
1385 4274 1502 4360 eidem,

389 4381 444 4466 qni
460 4399 575 4468 paoem
591 4383 734 4451 seruerit
749 4383 939 4468 predietnm,
956 4385 1061 4468 ipsum
1078 4390 1193 4452 eontra
1207 4387 1301 4473 psois
1310 4384 1501 4452 violatorem

388 4489 546 4556 adiuvent
561 4496 594 4558 et
609 4487 798 4577 defendunt,
815 4491 994 4577 potioribus
1014 4491 1244 4560 niehilominus
1270 4512 1310 4560 ex
1335 4492 1416 4580 ipsis
1441 4493 1500 4558 Bs-

389 4592 520 4662 ronibus
536 4614 573 4664 se
589 4595 632 4664 ud
649 4593 710 4666 hoo
727 4595 768 4666 de
783 4605 838 4666 tuo
856 4605 889 4666 et
903 4597 1005 4686 ipsius
1025 4599 1125 4684 Regis
1152 4601 1307 4668 mundato
1322 4599 1498 4687 astringen-

387 4700 473 4764 tibus
488 4721 548 4784 per
563 4704 728 4788 proprium
745 4705 979 4793 iuramentum
1001 4715 1076 4776 uoto
1094 4709 1194 4778 etiem
1211 4710 1244 4776 in
1271 4710 1390 4780 eodem
1416 4730 1496 4797 paee
