3230 5268
849 977 926 1045 teo.

332 1186 532 1276 Kooeyonda
547 1181 616 1251 cred
632 1180 780 1268 itirdlyod
798 1175 925 1243 Fartus
943 1195 1075 1260 mcyyar
1090 1167 1213 1236 bardtot
1229 1165 1384 1253 colomely
1398 1167 1453 1230 ro·
1537 1173 1546 1194 '

633 1291 699 1356 mat
709 1285 881 1374 sdpapnok
896 1279 1031 1370 ajdnlja.
1049 1280 1147 1344 1271.

439 1493 491 1562 Ad
504 1475 649 1558 vestram
664 1483 900 1554 Pateruitatem
916 1485 1084 1561 tamquam
1100 1475 1143 1542 ad
1160 1492 1244 1558 eum,
1254 1473 1289 1539 in
1299 1491 1363 1558 quo
1380 1490 1451 1558 spc-

335 1605 452 1674 etatem
479 1621 570 1686 spem
594 1599 754 1665 habemus
784 1588 996 1678 promotionis
1028 1584 1225 1670 agendorum
1256 1586 1453 1658 noseorum,

336 1709 537 1796 confugimus
562 1705 738 1774 affectuose
763 1699 1005 1786 supplicantes,
1036 1699 1196 1778 quatenus
1223 1709 1324 1758 causa
1349 1686 1454 1755 nostri

335 1820 400 1888 hcc
423 1819 598 1904 impetrare
624 1807 803 1894 dignemini
828 1806 917 1874 circa
941 1803 1105 1871 domiuum
1129 1801 1271 1885 Papam,
1295 1803 1332 1863 ut
1354 1795 1455 1863 irater

336 1924 536 1996 Forchasius
551 1922 674 1990 ordinis
691 1918 826 1986 irctrum
843 1913 1012 1994 minorum,
1029 1907 1265 1992 nostcriidelis,
1275 1903 1455 1974 accedente

340 2050 501 2102 consensu
526 2037 559 2097 et
583 2027 717 2096 licentio
741 2020 915 2092 favorabili
939 2016 1087 2105 ejusdem
1114 2015 1234 2083 domiui
1251 2015 1376 2098 Papae,
1393 2009 1457 2079 sibi

338 2151 426 2212 stare
441 2141 541 2208 liceat
557 2137 590 2204 in
606 2133 755 2220 ngaria
769 2131 803 2198 iu
819 2129 915 2197 domo
931 2127 1042 2211 aliqua
1066 2125 1118 2192 sui
1135 2123 1269 2202 ordinis,
1280 2119 1337 2187 nbi
1361 2139 1456 2206 aper·

338 2261 407 2318 tam
422 2246 485 2314 sibi
501 2243 702 2312 mansionem
718 2239 868 2308 duximus
891 2235 1088 2316 eligendam.
1115 2231 1209 2312 Quod
1233 2248 1294 2316 pro
1318 2228 1459 2315 speciali

340 2356 436 2424 nobis
450 2355 600 2440 impenso
616 2347 775 2420 beneficio
791 2350 990 2429 reputamus.

729 2537 873 2615 (Paleeky
885 2557 913 2596 u.
930 2557 954 2595 o.
965 2537 1026 2595 teu.
1036 2535 1068 2610 l.)

765 2838 1028 2849 ”we—.-

348 3605 594 3692 Mayyorcrezdy
602 3602 720 3690 sdorce'
735 3603 781 3668 Il.
798 3601 1005 3668 oratorsed
1020 3601 1183 3692 discedes
1199 3627 1220 3668 o
1231 3603 1387 3670 bdkekdice
1403 3606 1462 3669 sor-

685 3708 816 3797 gyobco.
836 3710 927 3773 1271.
937 3708 1124 3795 jooiuebao.

455 3907 584 3975 Literas
598 3905 809 3977 (telsitudinis
825 3904 963 3973 Vestrae
977 3905 1087 3974 debito
1106 3907 1290 3994 recepimus
1317 3927 1391 3973 cum
1407 3907 1465 3974 ho-

356 4034 444 4098 nore,
462 4018 672 4100 continentes,
690 4017 776 4098 quod
799 4014 905 4097 vobis,
931 4017 985 4097 qui
1011 4015 1103 4101 pacis
1128 4015 1209 4083 estis
1235 4013 1293 4081 filii
1320 4021 1352 4080 et
1378 4014 1465 4082 bono

351 4123 446 4208 pacis
461 4122 596 4208 diligitis
612 4143 683 4189 eum
702 4123 852 4190 omuibus
879 4121 1000 4188 Christi
1016 4120 1176 4207 fidelibus,
1194 4123 1336 4189 maxime
1352 4129 1465 4190 tamen

352 4250 425 4296 com
439 4231 500 4316 his,
518 4229 571 4313 qui
587 4231 762 4300 Serenitati
778 4229 916 4298 Vestrae
934 4232 1137 4316 cognationis
1164 4231 1308 4298 funiculo
1334 4229 1469 4316 conjun-

354 4343 478 4422 guntur,
499 4339 593 4424 pacis
618 4336 802 4423 procuratio
828 4338 914 4404 benc
938 4339 1056 4422 placet.
1082 4341 1150 4404 Nos
1175 4337 1275 4404 etiam
1301 4339 1467 4426 proposito

352 4455 465 4515 nostro
482 4455 515 4513 et
529 4449 694 4515 literarum
713 4453 893 4515 vestrarum
909 4446 995 4514 serie
1010 4446 1199 4513 audientiae
1215 4445 1338 4512 domini
1363 4447 1466 4513 nostri

353 4555 455 4640 Regis
470 4553 636 4641 Ungcriae
653 4575 694 4623 cx
709 4553 822 4622 ordine
836 4557 983 4641 recitato,
1006 4555 1093 4640 pium
1110 4553 1212 4639 ipsius
1229 4557 1373 4622 animum
1389 4553 1466 4621 mul·

353 4662 396 4729 tis
417 4663 592 4732 suadentes
616 4663 798 4732 rationibus
823 4663 1007 4732 induximus
1034 4663 1076 4729 ud
1101 4681 1217 4748 pacem
1244 4663 1420 4730 amandam
1436 4668 1468 4729 ct
