3230 5268
627 351 783 454 „neg

144 549 314 617 Pannouic
339 547 545 634 priuilegium
574 549 688 616 Sancti
718 551 820 636 Regis
846 551 1008 636 Stephani
1042 549 1268 618 confirmatum

144 677 202 745 per
216 657 424 744 priuilegium
449 657 553 726 lelieis
570 659 726 728 memorie
741 659 847 745 patris
864 660 967 726 nostri
983 659 1079 726 nobis
1094 663 1266 744 presenta-

144 767 211 850 uit;
229 785 363 851 quorum
379 770 530 854 inspecto
546 774 659 834 tenore
675 769 887 854 cognouimus
903 785 1094 834 concessum
1106 766 1266 853 extitisse,

143 882 178 942 vt
203 877 345 961 populos
369 876 449 944 dicti
472 876 664 945 llouasterii
690 877 798 945 nullus
824 877 974 964 judicum
995 886 1103 962 preter
1128 876 1266 962 Regiam

22 1037 23 1048 ,
141 983 350 1052 Maiestatem
366 991 399 1052 et
415 1003 499 1070 cum,
517 1003 613 1068 quem
628 983 743 1054 aneu
759 985 848 1052 illius
864 984 1055 1070 llouastcrij
1073 985 1177 1070 eligit,
1193 1004 1266 1070 pre·

21 1133 23 1148 r
141 1097 251 1158 sumat
259 1091 467 1174 aliquatenus
472 1091 637 1177 judicare.
649 1093 743 1160 Vnde
757 1112 830 1160 cum
845 1091 1019 1178 priuilegia
1029 1091 1266 1170 lleclcsiarum,

147 1209 181 1264 et
206 1200 348 1268 maxime
373 1200 470 1268 istius
494 1200 697 1286 llonasterii‚
723 1202 808 1285 quod
832 1200 1014 1270 dilectione
1038 1199 1264 1286 amplectimur

143 1307 293 1392 speciali,
310 1309 497 1376 nullatenus
521 1308 714 1393 infringere,
739 1309 800 1376 scd
824 1310 938 1394 pocius
963 1309 1202 1378 inuiolabiliter
1216 1307 1264 1374 in·

139 1417 313 1484 tendamus
340 1435 556 1502 conseruare,
581 1419 731 1486 volumus
759 1425 791 1486 et
808 1417 1004 1504 precipimus
1020 1417 1154 1484 firmiter
1169 1424 1203 1483 et
1217 1416 1265 1484 di·

141 1527 265 1610 stricto,
291 1535 452 1612 quatenus
477 1527 587 1594 nullus
613 1533 756 1594 vestrum
780 1528 919 1613 populos
944 1526 1129 1614 supradicti
1151 1525 1264 1594 ldona·

142 1634 234 1701 storii
250 1653 312 1703 uec
327 1636 360 1700 in
377 1634 474 1721 suno,
491 1653 555 1702 neo
570 1635 604 1702 in
620 1634 770 1719 decimis,
786 1654 848 1700 nec
864 1635 898 1700 in
914 1634 1001 1700 sacto
1017 1639 1143 1700 monete
1159 1636 1213 1702 vel
1229 1635 1263 1702 iu

141 1743 253 1827 aliquo
268 1752 437 1829 presumat
451 1744 606 1830 iudicare,
624 1763 705 1829 quos
721 1763 743 1808 a
754 1743 990 1830 jurisdiccione
1015 1743 1159 1810 omnium
1176 1742 1263 1829 judi-

139 1869 212 1920 cum
226 1871 287 1938 per
302 1852 511 1938 priuilegium
526 1852 639 1920 Sancti
654 1852 754 1936 Regis
769 1852 927 1938 Stephani
938 1859 1119 1938 exemptos,
1131 1851 1259 1938 judicio

138 1959 364 2030 antummodo
389 1967 501 2026 nostro
526 1962 558 2026 iu
583 1959 731 2026 omnibus
757 1960 865 2028 causis
892 1959 1262 2044 reseruemusjudieau·

138 2069 209 2147 dos,
228 2069 282 2136 vol
299 2069 379 2147 eius,
389 2087 484 2154 quern
495 2069 634 2152 clegerit
648 2068 762 2136 Abbas
779 2067 857 2135 dicti
874 2068 1065 2136 linnastcrii
1081 2067 1260 2136 seeundum

138 2184 284 2244 tenorem
299 2178 464 2266 priuilegii
489 2177 661 2245 antedicti.
687 2178 724 2244 ln
740 2178 830 2244 ouius
845 2178 893 2244 rei
908 2177 1097 2246 memoriam
1113 2183 1148 2244 ct
1162 2173 1260 2246 drmi-

136 2291 240 2354 tstem
264 2293 435 2370 presentes
461 2285 610 2355 dedimus
636 2287 764 2355 litteras
781 2285 943 2372 dupplicis
959 2283 1062 2372 sigilli
1076 2284 1175 2352 nostri
1190 2305 1259 2352 mu·

6 2461 7 2464 ,
136 2395 258 2463 uimine
272 2395 455 2463 roboratas.
472 2395 594 2462 Datum
610 2415 668 2483 per
682 2414 799 2462 manus
824 2395 974 2480 magistri
997 2394 1168 2462 Benedicti
1183 2394 1259 2463 Prc·

137 2501 237 2589 positi
264 2503 454 2572 Orodieusis
480 2505 556 2572 aule
579 2508 691 2572 nostra
706 2504 990 2572 vicecancellarii
1004 2500 1116 2570 dilecti
1131 2509 1166 2569 et
1180 2501 1257 2570 dde-

4 2609 5 2652 ¹
135 2612 177 2680 lis
202 2613 317 2696 nostri,
342 2631 430 2680 anno
454 2613 585 2682 Domini
601 2613 651 2680 lt⁰
666 2611 736 2681 00²
751 2611 1007 2698 septuagesimo,
1024 2609 1128 2698 Regni
1145 2619 1255 2679 autern

136 2720 239 2788 nostri
255 2739 343 2790 auno
358 2719 473 2806 primo.

310 2915 457 2988 (Ercdetie
470 2933 488 2972 a
500 2933 540 2974 su.
554 2914 676 2974 mertoni
688 2912 843 2990 fdapdtstg
861 2911 1082 2984 levdltdrtban.)
