3270 5280
692 341 733 407 41

714 441 796 452 -.....

144 533 224 601 vilic
251 541 363 602 nostre
389 536 537 621 predicte
553 555 625 605 cum
652 537 738 604 omni
763 537 889 606 feruore
913 539 1079 608 fidelitatis
1104 543 1271 629 impendit,

144 643 290 710 menime
307 643 339 708 in
355 645 660 730 uugmcutacionem
688 647 817 731 argenti
833 647 1016 714 todinurum
1033 655 1214 716 nostrarum
1231 650 1272 716 de

145 749 354 837 supradicta
371 753 461 836 uilla,
486 754 520 818 iu
545 753 663 837 quihus
688 755 815 822 lucrum
840 760 950 819 nostre
965 755 1067 836 Regis
1083 757 1270 840 Mujestatis

144 877 212 924 non
230 858 397 927 modicum
407 867 645 944 augmentetur,
656 860 879 948 acceptabiles
890 860 1073 928 exhibuerit
1085 862 1270 947 tumulatus,

144 985 258 1034 corum
273 969 385 1034 nostre
409 967 596 1052 hisjestatis
624 965 726 1034 oculis
751 967 869 1034 meruit
893 967 1114 1051 multipliciter
1130 970 1270 1057 complu

144 1093 231 1157 cere,
248 1071 416 1158 quandam
441 1075 569 1160 syluam
586 1081 620 1140 et
636 1079 756 1142 terram
781 1075 866 1142 iuter
880 1073 1140 1158 prenominatum
1159 1075 1270 1144 villum

144 1187 291 1248 nostrum
306 1181 577 1268 Byzterchehuna
601 1188 635 1249 et
653 1179 802 1268 Lyptche
818 1184 1015 1250 existentem
1030 1201 1102 1248 curn
1120 1182 1271 1250 omuibus

144 1287 343 1356 utilitatibus
368 1296 401 1358 et
425 1290 636 1376 pertinenciis
666 1290 737 1358 suis
762 1291 823 1357 snb
848 1289 943 1358 metis
959 1295 993 1356 et
1007 1289 1154 1356 terminis
1171 1288 1270 1356 inira·

145 1395 278 1482 scriptis
295 1402 328 1464 et
343 1397 610 1482 ujurisdiccicnc
626 1403 660 1465 et
675 1403 840 1483 potestate
850 1397 1007 1466 Comitum
1024 1395 1065 1464 de
1082 1395 1195 1464 Zolum
1211 1416 1270 1482 pro

144 1513 295 1590 tempore
319 1505 566 1574 constitutorum
591 1511 762 1593 exceptam
774 1553 784 1589 ,
811 1503 917 1573 eidem
942 1504 1061 1572 Gomiti
1089 1501 1221 1570 Andree
1238 1511 1271 1570 et

143 1635 203 1700 per
228 1631 302 1680 eum
328 1613 396 1679 suis
423 1611 599 1680 heredibus
624 1613 845 1696 heredumque
870 1631 1001 1682 sucrum
1028 1611 1272 1680 successoribus

144 1721 310 1806 dedimus,
327 1722 522 1789 donauimus
547 1729 580 1787 ct
605 1722 801 1788 contulimus
827 1727 986 1807 perpetuo
1004 1725 1037 1787 et
1052 1718 1273 1787 irreuccabili·

145 1840 194 1898 ter
210 1826 455 1915 possidendum.
475 1827 591 1896 Verum
609 1827 836 1910 quiadestutu
854 1834 887 1894 et
903 1826 1175 1911 circumstanciis,
1193 1845 1269 1909 quu-

143 1940 240 2006 litate
257 1944 291 2003 ct
307 1936 491 2020 quantitate
520 1933 668 2020 ejusdcm
695 1937 791 2024 sylue
820 1941 853 2004 et
877 1943 963 2002 terre
982 1937 1106 2004 veritus
1130 1933 1174 2000 ad
1197 1933 1265 2019 ple·

146 2067 224 2114 num
248 2043 344 2112 nohis
369 2064 435 2111 non
459 2043 653 2129 constabat,
688 2043 806 2112 dilecto
833 2049 866 2110 et
889 2041 980 2112 fideli
1005 2047 1117 2109 nostro
1142 2039 1266 2108 Ditricc

147 2153 268 2222 Gcmiti
284 2150 327 2218 de
343 2152 457 2218 chum
475 2151 542 2219 filio
563 2151 699 2220 Comitis
714 2151 814 2238 Myke
829 2151 978 2218 dedimus
993 2151 1026 2216 iu
1044 2148 1216 2232 mandatis,
1234 2155 1270 2216 vt

143 2261 338 2346 qualitatem
364 2265 398 2328 et
420 2258 646 2342 quantitatem,
669 2255 939 2328 circumstancias
970 2265 1003 2325 et
1033 2261 1153 2328 statum
1183 2256 1271 2324 dicte

143 2370 239 2456 syloe
255 2373 289 2435 et
304 2371 391 2432 terre
415 2367 511 2433 uobis
541 2364 681 2433 fideliter
703 2365 879 2433 intimaret.
911 2365 974 2446 Qui
993 2364 1199 2454 postmodum
1215 2384 1267 2432 co·

142 2475 236 2560 gnita
251 2471 390 2540 ueritate
406 2471 501 2539 nohis
526 2472 595 2539 suis
621 2471 740 2538 litteris
755 2471 930 2558 intimuit,
947 2479 1058 2540 nostre
1075 2471 1270 2541 celsitudini

142 2580 264 2650 dictam
282 2582 412 2668 syluam
429 2585 461 2648 et
476 2586 596 2647 terram
611 2579 787 2667 pertinere,
804 2588 837 2648 et
852 2581 937 2664 quod
949 2582 1087 2649 eandem
1103 2579 1272 2648 statuisset

143 2683 265 2757 Gomiti
279 2687 411 2756 Andree
435 2685 602 2756 antedicto
621 2689 829 2774 presentibus
841 2687 1076 2775 johsgionibus
1093 2687 1193 2755 castri
1209 2707 1269 2753 nc·

143 2797 212 2880 stri,
238 2803 272 2864 et
296 2794 372 2864 aliis
389 2795 622 2864 commetaneis
649 2803 682 2864 et
708 2797 834 2880 uicinis,
858 2796 990 2864 nemine
1016 2794 1269 2878 contradicente,

1 2943 2 2988 3
31 2889 37 2906 '
140 2906 239 2990 juxte
254 2902 443 2973 mandatum
460 2910 607 2972 nostrum
624 2904 687 2972 sibi
703 2923 800 2991 super
816 2925 856 2974 ec
872 2905 1057 2973 comissum.
1080 2902 1182 2990 Gujus
1198 2902 1266 2988 qui·

143 3014 219 3081 dem
244 3011 341 3101 sylus
365 3021 398 3080 et
423 3021 509 3080 terre
533 3019 619 3080 mete
646 3013 708 3082 hoc
732 3013 848 3081 ordine
872 3011 1064 3100 defiguntur,
1090 3019 1186 3098 prout
1210 3031 1270 3098 per

143 3119 278 3190 eosdem
307 3119 458 3189 homiues
484 3122 717 3207 comprehense
742 3123 918 3189 extiterunt
934 3128 1032 3206 atque
1047 3122 1129 3190 vise.
1160 3123 1270 3190 Prims

143 3235 233 3300 mete
247 3229 372 3316 incipit,
390 3230 444 3296 ubi
460 3231 595 3314 quidum
621 3231 733 3310 riulus,
759 3230 814 3313 qui
830 3231 961 3300 Ocluice
976 3231 1160 3298 nominetur
1176 3227 1265 3298 cadit

137 3338 176 3430 in
191 3335 326 3408 fluuium
342 3339 463 3422 Gcron,
480 3346 514 3406 et
531 3339 575 3406 ihi
592 3345 666 3408 snut
682 3339 745 3406 duc
761 3345 847 3406 mete
863 3345 988 3424 terroe,
1005 3345 1039 3405 et
1053 3337 1203 3408 escendit
1219 3338 1270 3404 di-

142 3451 233 3516 recte
249 3465 310 3534 per
335 3449 442 3532 ipsum
468 3463 570 3528 usque
596 3447 640 3513 ad
666 3453 766 3534 caput
790 3444 958 3532 ejusdem,
978 3452 1012 3512 et
1027 3445 1103 3513 iude
1119 3443 1271 3511 ascendit

142 3553 270 3623 directe
296 3573 400 3638 usque
425 3553 468 3622 nd
484 3574 639 3640 magnum
656 3555 813 3644 lapidem,
830 3554 884 3639 qui
898 3561 949 3622 est
965 3554 1053 3621 circa
1069 3559 1268 3640 montanam,

143 3671 178 3729 et
192 3661 235 3729 de
249 3663 309 3729 illo
326 3661 437 3748 lupide
453 3662 576 3730 directe
593 3683 697 3748 usque
708 3663 741 3730 in
751 3663 913 3749 piscinam
929 3681 992 3746 que
1007 3662 1191 3730 nominetur
1207 3659 1269 3728 Ge-

142 3789 263 3857 ucrnu3
288 3767 410 3838 deinde
441 3770 535 3838 radit
559 3771 604 3838 ad
630 3777 728 3856 caput
743 3769 833 3838 fluuii
850 3770 906 3854 qui
922 3769 1057 3858 Lypche
1073 3765 1268 3851 nominatur,

143 3885 176 3946 et
191 3871 251 3962 pe'r
266 3880 371 3964 ipsam
387 3898 507 3962 aquam
533 3877 765 3948 descendendo
790 3878 941 3948 ascendit
964 3877 1008 3944 ad
1033 3882 1187 3960 montem,
1214 3874 1271 3944 rbi

143 3994 196 4054 cst
211 3988 309 4072 lupis,
326 3987 384 4070 qui
399 3985 568 4056 Turschcn
584 3988 777 4072 nominatur,
794 3987 879 4056 etde
890 3987 947 4054 illo
958 3993 1066 4055 monte
1077 3983 1121 4051 ud
1135 4001 1270 4071 paruum

143 4100 289 4163 montem
313 4115 481 4183 pyrcsum,
507 4106 540 4164 et
563 4097 639 4165 inde
664 4097 814 4182 peruenit
830 4094 874 4164 ed
890 4095 974 4163 duas
998 4097 1114 4176 metes,
1131 4109 1269 4178 quarum

86 4266 92 4274 .
144 4223 211 4272 rna
228 4209 280 4272 cst
294 4205 393 4273 arhor
410 4205 527 4294 trdpfa,
545 4213 579 4274 et
594 4207 662 4275 alin
686 4213 738 4273 est
753 4211 841 4272 meta
856 4212 975 4290 terrea,
991 4211 1026 4272 et
1041 4201 1210 4272 descendit
1225 4203 1270 4272 ud

141 4309 310 4396 quandam
327 4314 459 4399 vallem,
488 4315 543 4382 vbi
568 4321 619 4382 est
634 4315 767 4398 riuulus,
785 4315 840 4400 qui
855 4333 977 4399 magno
993 4313 1144 4380 Ystuhna
1158 4312 1264 4380 nonni·

142 4429 251 4507 natur,
267 4421 323 4489 uhi
340 4427 416 4490 sunt
432 4423 495 4492 due
511 4433 597 4492 mete
612 4435 726 4506 terree;
743 4423 864 4491 deinde
878 4423 1117 4509 descenditpcu
1129 4419 1269 4489 eundem

142 4547 264 4615 aquam
280 4547 385 4613 usque
410 4531 455 4598 ad
479 4551 633 4617 magnam
659 4533 746 4599 rium
774 4529 906 4618 Lipche,
931 4529 986 4598 rbi
1012 4539 1088 4600 suut
1103 4531 1266 4598 duemete

142 4643 268 4722 terroe,
296 4646 330 4707 et
355 4637 525 4709 descendit
548 4661 607 4727 per
633 4639 772 4708 eandem
787 4640 874 4708 riam
898 4657 999 4723 usque
1014 4639 1059 4710 ud
1075 4641 1195 4727 lucum,
1213 4643 1268 4724 qui
