3250 5268
582 380 736 482 ,rr-o„

57 575 63 584 “
88 581 217 663 patrem
235 584 393 661 uosunm,
410 577 540 646 bomine
557 583 669 646 nostro
691 583 864 666 presente;
888 578 1062 649 dummodo
1078 585 1215 665 constet,
1312 617 1315 624 .

87 693 244 755 terrasct
259 687 577 774 possessionesque
593 689 708 756 ablate
724 687 886 774 dicuntur,
904 709 1015 758 eorum
1032 690 1145 775 luisse,
1162 689 1218 773 qui

88 813 127 862 ss
142 802 305 865 assermt
319 796 368 865 eis
384 797 531 865 indebite
547 798 719 882 spoliatos.
746 795 790 865 Ut
805 803 914 866 antem
930 797 1092 885 premissa
1107 807 1140 867 et
1155 799 1218 866 sin·

88 903 171 987 gula
187 903 422 986 premissorum
448 904 575 974 illibate
592 911 625 971 et
640 905 876 973 inviolabiliter
899 905 1131 992 observentur,
1156 925 1217 976 nos

90 1015 126 1076 et
139 1011 313 1095 predictus
337 1017 581 1098 paternoster,
606 1014 789 1081 venerabili
809 1019 904 1100 patre
920 1063 927 1079 .
945 1063 953 1080 .
972 1063 980 1078 .
998 1014 1218 1099 strigoniensi

90 1118 356 1206 Atebiepiscopo
372 1127 525 1206 presente
536 1127 570 1188 et
587 1121 733 1190 codicem
751 1122 1008 1208 Evangeliorum
1024 1128 1157 1190 tanente
1174 1121 1219 1188 iu·

89 1228 239 1295 ravimus
256 1228 470 1315 corporaliter
484 1231 828 1320 taetisSacrsssnetis
840 1230 1031 1318 Evangeliis
1042 1239 1076 1299 et
1091 1229 1219 1298 vivifice

91 1335 269 1402 Dominioe
280 1336 393 1404 Crucis
403 1337 504 1418 ligno.
522 1335 929 1422 Adsuperbabundantem
939 1342 1043 1407 eciam
1059 1340 1218 1408 cautelam

91 1442 245 1527 prelatus
260 1443 463 1511 venerabilis
478 1450 574 1529 pater
590 1445 826 1530 strigoniensis
850 1446 1147 1534 Arcbiepiseopus,
1164 1465 1220 1513 no·

90 1550 143 1616 bis
160 1551 348 1618 volentibus
358 1557 390 1618 et
408 1570 481 1619 eum
497 1552 662 1619 instancia
676 1553 927 1638 requirentibus,
946 1555 1021 1619 tulit
1037 1556 1069 1621 in
1085 1553 1219 1638 scriptis

89 1658 300 1726 sentenciam
310 1661 664 1730 excommunicacionis
675 1661 708 1728 in
718 1683 779 1729 nos
789 1669 962 1748 presentes
973 1667 1218 1748 prooesautem·

90 1767 183 1852 poris
201 1767 356 1852 omnium,
373 1770 426 1836 vel
442 1767 587 1838 cuiusvis
604 1769 812 1838 articulorum
838 1770 873 1838 iu
889 1771 1059 1855 premissis
1076 1789 1219 1857 compre·

90 1871 269 1942 bessorum
287 1875 487 1956 violatores,
502 1883 788 1964 transgressores,
804 1882 1039 1963 temeratores,
1055 1884 1088 1946 et
1104 1878 1218 1960 quovis

91 1979 227 2064 ingenio
244 1989 488 2068 contemptores
505 2007 513 2050 ε
531 1986 579 2052 ita
595 1995 630 2052 ut
645 1985 675 2052 si
692 1987 814 2070 aliquis
830 1991 978 2053 nostrum
1003 1991 1119 2054 contra
1134 1984 1219 2053 ordi·

90 2087 266 2156 necionem
293 2093 489 2176 premissum
517 2092 664 2177 venerit,
690 2094 770 2159 etin
797 2094 1001 2160 sentenciam
1027 2093 1219 2178 peripsum

90 2197 350 2280 strigoniensem
366 2198 660 2286 Arcbiepiscopum
676 2199 806 2286 prelato
822 2199 920 2268 modo
937 2200 1039 2266 latam
1057 2199 1219 2285 inciderit,

92 2324 157 2372 non
175 2303 220 2373 de
241 2325 328 2374 noso
353 2326 412 2393 per
436 2308 602 2395 prefatum
626 2308 919 2394 arehiepiscopum
944 2306 1220 2390 excommunicari

90 2412 238 2496 debebit,
255 2434 330 2482 cnm
345 2415 419 2499 ipso
438 2413 526 2484 iacto
543 2417 609 2484 iam
625 2417 669 2486 sit
686 2417 999 2502 excommunicatus,
1016 2415 1075 2486 sed
1092 2437 1218 2484 excom·

91 2522 281 2588 munioetus
305 2525 493 2594 denuntiari
508 2525 641 2612 publice
658 2531 692 2594 et
715 2525 876 2612 periurus.
901 2525 944 2592 st
959 2527 1032 2612 ipse
1049 2522 1219 2610 drobiepi·

90 2649 217 2716 scopus
234 2630 524 2717 impresenciarum
541 2634 755 2717 constitutus,
771 2634 868 2712 tralris
884 2633 1083 2719 petentibus,
1100 2631 1220 2717 promi-

92 2735 137 2802 sit
161 2733 298 2804 firmitcr
322 2739 394 2806 sine
423 2741 554 2808 delectu
581 2742 772 2810 alterutrius
797 2742 904 2827 partis
928 2740 1220 2809 denunciaclonem

92 2845 291 2930 huiusmodi,
307 2868 379 2916 curn
395 2853 622 2934 transgressor
640 2852 841 2938 apparuerit,
858 2870 896 2918 se
914 2849 1085 2918 iacturum.
1101 2849 1220 2918 sotum

92 2960 125 3018 et
141 2952 257 3020 datum
272 2955 307 3022 in
324 2955 431 3023 insula
446 2959 550 3026 Beate
560 2958 718 3044 Virginis,
734 2959 831 3026 Auno
847 2958 891 3026 ab
907 2957 1140 3024 Incarnacione
1155 2957 1220 3026 Do·

92 3061 173 3128 mini
190 3059 406 3146 noctisve,
422 3065 611 3134 indiccione
627 3065 843 3151 vffl1.,n0no
861 3064 917 3133 die
931 3064 1050 3132 Martio
1067 3070 1219 3131 exeunte.

91 3167 129 3234 In
146 3168 241 3238 euius
257 3171 305 3238 rei
320 3172 542 3240 testimonium
559 3180 593 3242 et
610 3172 710 3242 robur
725 3177 920 3260 perpetuum
945 3177 1118 3258 presentes
1134 3169 1219 3238 litte

92 3293 148 3342 ras
173 3284 287 3343 nostro
314 3285 348 3344 et
372 3279 533 3348 carissimi
558 3282 661 3367 patris
687 3283 794 3352 nostri
818 3280 939 3366 sigillis
965 3279 1151 3365 duplicibus
1176 3299 1217 3348 ex

94 3389 185 3451 certa
202 3385 349 3454 sciencia
364 3387 502 3458 lecimus
521 3391 723 3460 communiri.

202 3489 270 3558 Nos
296 3493 400 3562 eoiarn
416 3495 602 3584 Phylippus
618 3499 835 3567 miseracione
852 3496 975 3564 Divina
990 3492 1214 3581 Arotieptsoo·

92 3615 153 3684 pus
168 3597 419 3686 Strigo'uiensis,
435 3604 520 3672 Aule
535 3607 639 3690 Regio
654 3605 892 3684 Cancellarius,
908 3605 955 3674 ad
970 3603 1167 3672 instanciam
1184 3607 1218 3670 et

92 3704 289 3791 peticionem
316 3710 517 3797 prelatorum
542 3713 721 3782 Illustrium
748 3713 875 3798 Regum
897 3710 1046 3799 Ungarie
1072 3705 1218 3797 presenti

92 3815 346 3902 mnesigiton
361 3829 508 3892 nostrum
524 3821 648 3910 apponi
664 3821 803 3890 lecimus
819 3826 854 3888 et
869 3817 1026 3906 appendi

115 4041 175 4116 (IV.
188 4041 336 4102 Kelemeu
347 4035 427 4113 ptpa
435 4034 610 4110 megerdsitd
623 4031 830 4109 okmduydbdl,
845 4033 919 4090 mint
931 4027 1020 4090 aldbb
1032 4028 1076 4088 et.
1089 4043 1129 4086 ss.
1143 4025 1182 4098 a)
