3270 5280
640 322 798 426 gc-

151 518 361 606 prosenoiam
377 519 517 586 Abbatis
530 521 642 586 Sancti
670 522 799 588 hlartioi
827 519 947 588 debeat
975 519 1162 602 conuenire,
1180 539 1275 604 quem

149 627 270 695 Abbas
285 647 352 694 vua
368 648 443 696 cum
459 647 518 696 sex
530 628 652 710 juratis
668 630 817 700 eiusdem
833 631 911 698 ville
923 630 1096 714 judicabit.
1114 629 1196 694 ltcm
1212 635 1277 694 sta·

150 735 282 818 tuimus,
297 734 385 819 quod
401 734 510 802 nullus
526 735 689 803 Beronum
707 746 900 820 nostrorum,
918 738 970 804 vel
987 738 1073 804 alter
1089 735 1209 820 aliquis
1226 757 1279 804 su·

149 862 213 929 por
247 841 383 911 eosdem
413 840 561 928 hospites
591 842 785 914 descensum
816 845 920 932 possit
951 842 1061 910 lacere
1092 843 1279 910 violentum.

152 950 312 1020 Pretcrea
327 948 559 1035 piscacioucm,
576 970 675 1036 quam
690 952 925 1022 hionasterium
942 950 1056 1020 Sancti
1071 949 1202 1018 Martini
1218 951 1279 1018 ihi·

150 1058 229 1124 dem
245 1056 362 1124 hahuit
377 1062 411 1123 et
426 1056 587 1145 possedit,
603 1057 646 1126 de
661 1059 871 1147 beneplacito
891 1057 1033 1128 Abbatis
1050 1055 1197 1125 ciusdem
1212 1059 1277 1126 llo·

151 1163 292 1232 nestorii
316 1162 412 1230 dictis
437 1162 623 1250 hospitibus
657 1175 816 1255 perpetuo
847 1167 1000 1234 duximus
1031 1165 1275 1236 conferendam.

151 1273 235 1339 Item
261 1269 304 1339 de
328 1269 451 1338 tributo
475 1279 590 1358 portus
616 1275 770 1360 Danubii,
797 1297 895 1360 quem
911 1295 971 1343 uos
987 1273 1109 1342 ibidem
1125 1274 1277 1344 duximus

150 1377 372 1462 statuendum,
388 1378 452 1448 due
467 1389 583 1466 partes
599 1383 719 1452 cedent
734 1384 918 1471 hospitibus
934 1384 1130 1470 supradictis
1146 1405 1204 1470 pro
1221 1383 1276 1448 de-

149 1486 239 1557 liciis
255 1507 314 1558 seu
331 1487 481 1558 seruitiis
497 1489 594 1558 uobis
610 1491 859 1577 impendendis5
886 1491 1020 1560 terciam
1045 1511 1124 1559 uero
1148 1497 1276 1577 partem

148 1595 388 1665 hlouasterium
415 1595 575 1680 percipiet
598 1598 819 1682 antedictom3
846 1597 888 1666 de
913 1598 1001 1666 omni
1027 1603 1137 1663 autam
1154 1597 1275 1665 tributo

149 1703 233 1772 dicti
273 1710 388 1790 portos
428 1701 591 1772 decimam
630 1713 757 1790 partem
796 1712 968 1773 terrestres
1004 1703 1149 1774 eiusdem
1189 1710 1275 1774 terre

149 1811 363 1898 percipient,
402 1831 462 1897 per
489 1829 624 1896 quorum
658 1821 780 1880 terram
811 1811 984 1880 transitum
1017 1810 1141 1879 iaciunt
1170 1819 1273 1878 trans·

148 1926 278 1986 cuntes.
325 1920 368 1986 Vt
393 1925 506 1986 autern
530 1937 687 1988 concesse
713 1919 878 1988 libertatis
908 1919 1011 1988 series
1038 1918 1273 1987 inuiolabiliter

152 2026 361 2110 obseruatur,
392 2044 454 2094 sec
483 2046 542 2112 per
567 2028 753 2113 quempiam
779 2028 886 2112 possit
903 2027 943 2116 in
967 2026 1092 2094 irritum
1116 2029 1274 2112 revocari,

148 2140 323 2218 presentes
341 2132 441 2201 dictis
466 2133 652 2220 hospitibus
678 2133 900 2202 concessimus
925 2134 1051 2202 litteras
1075 2133 1214 2219 duplicis
1231 2134 1273 2200 si·

149 2239 223 2326 gilli
240 2241 346 2309 nostri
362 2241 540 2308 munimine
563 2242 743 2310 roboratas.
776 2244 898 2309 Datum
919 2261 978 2327 per
995 2262 1111 2309 manus
1127 2241 1276 2328 magistri

146 2348 303 2434 Fareasij
319 2347 425 2416 Electi
450 2347 616 2427 Albensis,
645 2349 720 2414 aule
745 2353 856 2415 nostre
882 2347 1194 2434 vica-canceltarij‚
1221 2351 1269 2417 di·

147 2454 228 2524 lecti
244 2460 279 2521 et
293 2453 400 2524 tidelis
425 2455 549 2539 nostri3
575 2475 662 2523 anuo
687 2455 821 2523 Domini
835 2455 1019 2527 ¹millesimo
1048 2457 1274 2525 ducentesimo

149 2562 360 2649 sexagesimo
385 2561 506 2648 tercio;
529 2563 634 2649 Regni
658 2568 766 2630 cutem
784 2565 890 2632 nostri
906 2583 991 2632 anno
1006 2564 1162 2632 vicesimo
1177 2583 1273 2633 nono.

148 2755 276 2823 (Bobsrt
288 2753 400 2827 Kairoly
413 2753 508 2829 kirtly
521 2755 632 2814 132οΗ
646 2757 823 2830 magnerico
836 2755 1097 2831 privilegiumahbl,
1111 2749 1188 2829 nuely
1201 2756 1273 2814 b'ria·

364 2843 436 2903 tetih
448 2863 467 2902 a
478 2843 653 2906 camerone
665 2843 820 2920 tcaptcsg
831 2843 1057 2918 lerelttrtban.)

587 3145 834 3157 ——n—-——·—-=-

681 3589 737 3657 iit).

145 3774 165 3837 Ι
172 3772 207 3837 V.
223 3771 308 3837 Bata
322 3771 430 3859 kirtly
446 3769 625 3855 Gmholicc,
651 3769 781 3834 Mnurd
797 3769 873 3853 ficit,
889 3768 1004 3834 Nactae
1020 3769 1274 3834 accc'hirtolclcal

304 3901 308 3908 ’
486 3879 721 3964 udomdopoaza
737 3899 814 3964 map.
839 3877 937 3942 1263.

257 4076 342 4142 Belo
365 4073 429 4142 Dei
452 4075 568 4160 pacis
590 4074 769 4158 Hungarie,
794 4071 1274 4160 Dalmacie,0roacie,1tauue,

147 4183 275 4265 Seruis,
291 4181 443 4267 Gallicis,
471 4181 665 4250 bodomarie
681 4180 882 4264 (inmanique
898 4178 970 4246 Rex
988 4179 1136 4246 omnibus
1153 4178 1274 4248 Christi

147 4289 302 4358 fidelibus
332 4286 539 4376 presentibus
569 4289 695 4377 pariter
727 4295 760 4354 et
790 4287 918 4373 tuturis,
949 4292 1119 4373 presentes
1146 4285 1274 4356 litteras

147 4398 347 4485 inspecturis
372 4398 511 4465 salutem
535 4398 568 4463 iu
594 4398 734 4465 omnium
760 4396 944 4464 Salvatore.
976 4393 1027 4462 Ad
1048 4395 1273 4462 uniuersorum

147 4504 304 4575 noticiam
330 4513 442 4572 tenore
466 4506 671 4592 presencium
696 4503 845 4572 volumus
868 4503 1064 4589 pervenire:
1085 4501 1175 4587 quod
1202 4521 1275 4570 oum

145 4613 265 4684 Oouues
306 4611 518 4702 Geuhuliuus,
547 4613 633 4684 lilius
668 4611 830 4682 Leonardi
861 4611 902 4678 dc
933 4612 1057 4699 Seepus
1088 4619 1184 4696 grata
1215 4630 1269 4676 oo·
