3250 5268
586 1001 592 1010 ·
676 971 734 1039 0⁰.

139 1151 204 1218 11⁷.
223 1151 307 1217 Bere
321 1151 428 1238 kirdly
451 1147 599 1215 Moerim
622 1149 762 1214 modoet
776 1149 971 1236 Ndprddbuo
995 1147 1106 1215 Olrodr
1114 1147 1269 1236 fitlddoek

135 1255 221 1342 sedit
236 1279 259 1322 a
273 1260 345 1322 mdo·
359 1259 491 1344 mmcd
506 1254 685 1322 tororuvst
700 1258 815 1322 rzotnt
831 1255 1065 1344 adcomoyozao
1080 1263 1163 1346 rtpy,
1190 1258 1270 1348 dopy

452 1374 503 1429 aet
519 1361 548 1428 el
562 1385 601 1430 oe
618 1362 847 1451 idepenitdeaae.
864 1363 963 1431 1266.

248 1544 334 1611 Belo
349 1543 412 1613 Dei
429 1545 545 1630 grecie
561 1542 731 1631 Hungerie
740 1594 749 1630 ,
768 1544 942 1613 Dalmacie
950 1592 961 1628 ,
978 1541 1136 1629 Oroacie‚
1151 1543 1267 1628 same,

138 1651 267 1736 Seruie,
285 1652 426 1723 Gallicie
436 1704 445 1738 ,
463 1651 681 1736 Lodomerie‚
698 1654 924 1737 Gnmauiequs
940 1653 1009 1719 Rex
1027 1650 1178 1719 omnibus
1193 1669 1267 1737 pre

13 1807 14 1812 =
138 1761 289 1830 seucium
307 1761 463 1830 noticiam
480 1759 643 1828 habituris
660 1761 800 1828 salntem
817 1760 849 1826 in
867 1760 1007 1827 omnium
1020 1759 1198 1827 saluatore.
1215 1756 1269 1827 Ad

136 1870 366 1938 uniuersorum
383 1867 539 1938 noticiam
567 1875 634 1935 tum
656 1869 861 1957 presencium
878 1889 974 1953 quum
1001 1866 1184 1934 futurorum
1199 1866 1266 1935 ha-

138 1997 210 2044 rum
229 1979 316 2044 serie
326 1978 478 2047 volumus
494 1979 679 2065 peruenire,
696 1978 786 2061 qnod
797 1976 840 2044 ad
857 1983 1004 2044 nostram
1015 1975 1178 2044 accedeus
1193 1993 1266 2060 pre-

136 2085 290 2154 sencium
315 2083 471 2156 Monthur
497 2083 606 2153 fidelis
634 2091 746 2154 noster
777 2085 896 2170 petiuit
923 2107 944 2152 u
968 2084 1064 2152 nobis
1098 2083 1267 2153 humiliter

114 2179 117 2185 ’
137 2193 357 2278 suplicando,
374 2193 459 2259 utin
475 2191 618 2275 quadum
635 2201 723 2261 terre
741 2190 852 2260 Oiwer
870 2199 990 2261 vocato
999 2243 1009 2279 ,
1028 2193 1093 2258 sits
1108 2192 1143 2260 iu
1158 2191 1266 2260 Comi·

135 2306 207 2368 tutu
223 2297 467 2384 Neugredieusi
482 2319 586 2387 prope
602 2319 721 2384 equum
737 2299 833 2385 Ipul,
861 2318 926 2383 qne
941 2304 1013 2367 erut
1028 2299 1265 2384 armigerorum

135 2415 326 2478 nostrornm
337 2409 529 2494 vulgariter
539 2408 729 2496 sopweruuk
740 2415 939 2489 vocatorum,
951 2408 1013 2478 sibi
1030 2406 1205 2495 prouidere
1221 2407 1264 2476 de

135 2515 344 2602 benignitate
369 2517 474 2606 Regis
500 2519 719 2604 dignaremur.
743 2519 814 2586 Nos
840 2519 953 2603 itaque
978 2517 1084 2605 ipsius
1110 2517 1262 2588 monium

135 2623 246 2692 fidelis
263 2625 370 2693 nostri
386 2623 606 2711 peticionibus
623 2625 882 2710 acquiescentes,
899 2623 1179 2711 consideratisque
1195 2644 1263 2694 ser-

134 2731 234 2799 uioiis
252 2729 411 2814 eiusdem,
428 2749 491 2814 que
506 2731 601 2797 nobis
618 2751 639 2798 a
656 2730 802 2818 puericie
819 2751 876 2798 sne
902 2731 1103 2818 temporibus
1118 2731 1263 2803 fideliter

134 2837 301 2925 impendit
326 2874 368 2888 —
384 2877 427 2887 —
450 2837 608 2906 dietatem
634 2838 739 2924 ipsius
764 2843 852 2906 terre
877 2840 1057 2927 superioris
1083 2839 1194 2908 Olwur
1218 2840 1261 2907 ad

134 2966 196 3014 nos
213 2952 383 3034 receptam
407 2947 439 3012 in
456 2945 621 3014 Oomitatn
641 2947 885 3032 Neugrediensi
902 2949 1118 3034 existentem,
1146 2955 1179 3013 et
1194 2969 1261 3016 uon

134 3055 350 3124 medietatem
361 3053 450 3121 illius
461 3061 548 3142 terre
558 3053 679 3138 Olwar,
697 3073 760 3140 qne
776 3059 828 3121 est
844 3055 878 3122 in
888 3055 1052 3124 comitutu
1064 3052 1262 3140 Hnnthenei,

134 3163 206 3242 alia
221 3162 400 3231 medietate
416 3161 519 3249 ipsius
535 3168 621 3230 terre
640 3163 816 3249 armigeris
833 3164 953 3232 nostris
970 3161 1091 3230 ibidem
1117 3161 1260 3230 existen·

134 3272 225 3342 tibus
242 3253 361 3338 relicta
370 3321 380 3357 ‚
397 3273 495 3340 certis
512 3270 607 3338 metis
624 3290 644 3337 e
660 3277 749 3340 terra
765 3271 926 3338 dictorum
951 3270 1187 3357 armigerorum
1203 3288 1259 3337 no·

134 3387 277 3447 utrorum
304 3379 496 3446 distinctam
513 3377 619 3447 eidem
644 3379 796 3450 Monthus
812 3379 904 3449 tideli
920 3385 1033 3450 nesto
1059 3384 1092 3445 et
1107 3397 1167 3464 per
1186 3397 1260 3447 eum

136 3489 208 3555 suis
235 3483 485 3555 suecessoribus
509 3492 670 3575 perpetuo
686 3493 719 3555 et
734 3486 997 3556 irreuocebiliter
1013 3485 1260 3555 unximns'oon-

133 3593 327 3680 ferendam3
344 3595 391 3661 ita
408 3599 539 3675 tumen,
556 3593 642 3680 quod
660 3614 720 3661 nec
735 3615 794 3682 per
810 3595 949 3665 formum
966 3593 1188 3684 vendicionis,
1206 3595 1260 3663 rel

134 3704 248 3790 ulique
262 3703 330 3771 alio
346 3702 443 3771 medo
461 3721 536 3770 eam
550 3703 665 3772 relect
676 3703 833 3772 alienare.
860 3703 897 3768 lu
915 3703 1008 3770 cuius
1026 3708 1113 3770 terre
1128 3721 1260 3789 possea·

133 3811 263 3882 sionem
280 3844 323 3858 --
339 3845 384 3858 --
399 3847 444 3860 -
459 3810 613 3878 Monthus
636 3830 695 3896 per
711 3809 905 3879 Furcusiuur
932 3809 1033 3878 tilium
1049 3809 1154 3878 Jecou
1179 3811 1259 3881 flde-

132 3919 200 3986 lem
215 3922 361 3986 nostrum
386 3917 525 3985 fecimus
550 3915 725 3986 introduci.
750 3918 838 3987 Mete
854 3917 959 3985 eciem
986 3923 1074 3984 terre
1099 3917 1258 4006 predicte,

132 4032 230 4114 prout
245 4027 279 4093 in
295 4025 413 4095 litteris
429 4023 607 4116 Prep(ositi
624 4026 679 4114 de)
696 4029 784 4114 Scag
800 4024 894 4094 nobis
923 4025 1040 4111 potuit,
1056 4027 1119 4094 hoc
1143 4026 1258 4095 ordine

132 4135 355 4220 distinguntur
371 4157 379 4200 τ
395 4135 506 4204 Prima
521 4141 612 4204 mete
637 4136 789 4222 incipite
805 4133 930 4222 cupi(te
954 4132 1059 4223 d)uuy
1083 4134 1256 4220 Rutenos,

130 4241 189 4309 nbi
206 4248 258 4309 est
281 4243 392 4330 pirus,
417 4243 479 4312 sub
495 4261 562 4328 qua
578 4249 629 4311 est
653 4247 742 4310 mete
768 4241 921 4330 lapidee5
944 4241 1023 4311 inde
1039 4262 1098 4330 per
1125 4239 1258 4312 fluuium

132 4347 307 4420 deseendit
324 4355 356 4416 et
371 4351 465 4417 radit
480 4371 539 4437 per
564 4349 707 4419 medium
734 4349 823 4418 dicte
839 4348 917 4417 ville
933 4349 1046 4418 Olwsr
1055 4402 1065 4436 ‚
1091 4351 1174 4420 etin
1190 4349 1256 4420 dne
1348 4415 1349 4420 ,

131 4457 277 4525 eiusdem
303 4457 382 4525 ville
407 4464 458 4525 est
482 4465 570 4526 mete
585 4465 695 4526 terreo
720 4457 812 4525 iuxta
837 4459 977 4528 eundem
1002 4457 1154 4545 duuinm;
1181 4459 1257 4528 inde

132 4565 224 4633 cudit
241 4562 370 4649 r(ersus
387 4563 560 4652 or)ieutem
575 4585 634 4654 per
649 4566 814 4636 modicum
845 4567 933 4631 beret
942 4615 952 4653 ,
979 4572 1012 4632 et
1028 4567 1074 4636 ibi
1090 4569 1121 4634 in
1140 4568 1256 4638 arbore

132 4671 206 4746 tter
222 4679 275 4749 est
295 4677 383 4749 meta
407 4679 536 4763 terreu;
561 4675 638 4744 inde
654 4674 748 4746 redit
763 4682 797 4742 et
821 4675 939 4754 transit
957 4695 1056 4758 ruem
1072 4677 1205 4778 vellem,
1222 4687 1256 4760 et
