3270 5280
618 367 779 470 A

131 561 294 644 dendam;
311 561 511 629 fraternitati
521 568 575 630 tue
590 563 795 650 mandamus,
812 569 974 648 quatenus
984 565 1170 636 huiusmodi
1187 587 1261 634 cen-

130 668 285 734 tesimam
301 671 472 735 annuatim
498 688 599 751 usque
625 671 667 738 ad
685 672 867 758 predictum
883 674 1138 758 quinquennium
1155 696 1213 761 per
1229 687 1261 742 te

129 779 186 844 rel
201 795 263 860 per
277 777 379 842 alium
396 795 452 840 seu
480 777 565 842 alios
581 778 710 865 integre
726 779 896 864 colligens,
913 779 1070 863 quiequid
1085 782 1258 850 collectum

131 885 238 966 fuerit,
265 885 389 950 nuntiis
414 883 561 950 eiusdem
587 891 674 951 terre
698 887 754 952 rel
778 906 888 954 eorum
912 890 1177 971 procuratoribus
1203 911 1262 958 seu

132 993 271 1060 alterius
287 990 462 1059 eorundem
479 992 605 1076 absque
614 993 827 1060 diminutione
837 994 985 1078 qualibet
1001 997 1172 1081 assignare
1187 1019 1261 1084 pro·

131 1120 239 1183 cures,
257 1121 316 1187 per
333 1120 391 1165 eos
415 1098 447 1164 in
463 1099 551 1166 dicte
578 1107 665 1166 terre
684 1101 863 1170 subsidium
880 1105 1146 1171 convertendum.
1179 1107 1261 1174 Gon·

133 1208 333 1276 tradictores
350 1215 470 1292 autem,
488 1209 517 1274 si
541 1210 596 1292 qui
623 1209 751 1294 fuerint,
767 1213 819 1276 vel
847 1211 998 1295 rebelles,
1016 1228 1076 1295 per
1091 1232 1261 1280 censuram

133 1317 639 1402 ecclesiasticam,appellatione
653 1325 788 1402 remota,
801 1337 1005 1404 compescas,
1022 1321 1262 1406 nonobstante,

132 1427 162 1494 si
177 1425 332 1508 Prelatis,
349 1425 515 1510 personis,
542 1425 714 1510 Capitulis,
741 1426 908 1511 Collegiis,
927 1426 1151 1496 Conventibus
1169 1438 1201 1496 et
1215 1430 1261 1498 lo·

133 1535 182 1601 cis
197 1533 365 1616 aliquibus
383 1533 542 1617 exemptis
558 1538 593 1597 et
608 1553 673 1600 non
690 1533 853 1617 exemptis
869 1552 890 1597 a
906 1534 994 1600 Sede
1009 1537 1202 1621 Apostoliea
1218 1538 1261 1604 sit

133 1640 304 1723 indultum,
322 1639 409 1726 quod
425 1641 468 1708 ad
484 1640 704 1708 exhibendum
721 1641 822 1706 alicui
838 1641 1020 1710 subsidium
1041 1644 1261 1727 pecuniarium

132 1747 268 1813 minime
294 1755 484 1830 teneantur,
517 1748 670 1832 quodque
701 1751 744 1816 ad
774 1749 811 1814 ld
842 1749 991 1834 compelli
1025 1771 1090 1818 non
1122 1753 1260 1837 possint.

133 1853 258 1921 Omnes
274 1863 385 1922 autem
398 1855 438 1921 de
449 1858 562 1941 Regno
578 1858 725 1942 predicto
742 1857 880 1924 clericos
897 1864 930 1924 et
946 1859 1062 1943 laicos,
1080 1862 1259 1928 cuiuscum-

133 1982 198 2047 qne
215 1965 433 2049 conditionis,
459 1966 586 2033 ordinis
612 1973 645 2032 et
671 1965 843 2051 dignitatis
860 1967 1014 2051 existant,
1032 1969 1088 2051 qui
1106 1969 1182 2036 olim
1201 1987 1261 2054 pro

4 2079 5 2082 ’
132 2074 224 2141 dicte
239 2081 326 2138 terre
342 2075 488 2141 subsidio
504 2076 612 2142 orbeis
629 2075 837 2156 signaculum
853 2083 1111 2160 assumpserunt,
1128 2083 1162 2144 ct
1173 2085 1262 2141 motu

4 2193 5 2208 ³
130 2183 265 2269 proprio
295 2185 522 2268 deposuerunt
553 2192 755 2268 assumptum
788 2187 864 2249 voto
904 2181 1089 2250 huiusmodi
1127 2181 1260 2250 minime

4 2361 5 2386 3
133 2292 325 2375 adimpleto,
343 2299 378 2357 ut
394 2292 479 2358 illud
495 2310 567 2356 cum
584 2291 758 2356 deuotione
773 2297 959 2374 resumant;
984 2290 1060 2358 illos
1086 2291 1186 2358 etiarn
1207 2295 1262 2374 qui

135 2405 340 2485 assumptum
367 2421 432 2467 non
458 2399 700 2486 deposuerunt,
727 2406 761 2462 et
786 2399 841 2481 qui
858 2399 973 2488 ipsum
989 2406 1159 2466 assument
1173 2399 1261 2466 dein·

134 2528 226 2596 ceps,
243 2518 280 2574 ut
296 2529 332 2576 se
348 2509 398 2577 sic
414 2509 570 2575 studeant
586 2526 771 2593 preparare,
798 2504 885 2588 quod
901 2505 1119 2590 personaliter
1134 2527 1172 2576 se
1187 2527 1260 2574 con-

133 2617 245 2685 ferant
261 2618 294 2684 in
311 2635 498 2682 succursum
509 2621 596 2680 terre
608 2612 763 2699 predicte,
782 2619 815 2678 ct
830 2613 917 2696 quod
933 2615 1062 2681 interim
1079 2614 1262 2682 huiusmodi

4 2725 5 2736 ’
133 2727 242 2792 crucis
268 2726 475 2810 signaculum
500 2721 660 2806 delerant,
685 2741 820 2789 moneas
846 2721 1043 2805 efficaciter,
1070 2731 1104 2790 et
1123 2723 1260 2790 inducas

4 2867 5 2900 i
133 2855 192 2901 eos
210 2833 254 2901 ad
269 2831 493 2900 redimendum
511 2837 589 2898 vota
606 2850 677 2914 sua,
695 2831 748 2896 vel
764 2829 808 2897 ad
828 2829 1107 2898 transfretandum
1125 2851 1263 2900 censura

4 2947 5 2976 ³
133 2943 245 3028 simili,
262 2942 485 3028 appellatione
502 2940 696 3024 postposita,
715 2939 907 3005 coercendo.
942 2937 1057 3004 Verum
1074 2941 1161 3022 quia,
1178 2941 1263 3007 siout

4 3123 5 3130 χ
135 3051 336 3137 accepimus,
363 3047 511 3115 nonnulli
538 3053 731 3120 executores
758 3047 925 3131 plerisque
949 3048 1099 3133 personis
1123 3055 1156 3114 et
1180 3048 1262 3116 locis

4 3159 5 3248 j
133 3159 391 3241 ecclesiasticis,
417 3155 623 3241 regularibus
651 3162 683 3221 et
709 3155 933 3236 secularibus,
959 3157 1122 3240 exemptis
1148 3162 1183 3223 et
1198 3175 1262 3224 non

4 3257 5 3280 ¹
136 3267 303 3352 exemptis
320 3263 467 3332 eiusdem
492 3263 599 3347 Regni
624 3282 645 3329 a
671 3269 854 3330 memorata
877 3262 963 3329 Sede
987 3263 1146 3348 concessi,
1166 3282 1263 3349 super

136 3375 331 3461 quibusdam
348 3371 614 3442 concessionibus
631 3370 672 3438 de
688 3371 969 3457 redemptionibus
985 3380 1131 3437 votorum
1148 3389 1260 3436 cruce-

136 3487 355 3570 signatorum,
371 3502 515 3548 necnon
532 3480 573 3546 de
589 3479 709 3563 legatis
725 3477 823 3562 datis,
851 3479 1113 3560 obventionibus,
1139 3478 1262 3545 relictis

137 3591 349 3660 subventioni
373 3589 459 3655 terre
485 3589 650 3674 predicte,
677 3606 718 3652 ac
733 3585 809 3652 aliis
830 3583 997 3671 deputatis
1013 3585 1058 3651 ad
1073 3585 1262 3655 subventio·

137 3723 211 3769 nem
229 3700 371 3768 eandem
396 3699 429 3764 in
455 3697 616 3782 premisso
642 3696 755 3776 Regno
783 3711 842 3775 per
866 3711 925 3758 nos
951 3700 985 3760 et
1008 3693 1262 3778 predecessores

138 3817 273 3878 nostros
289 3809 456 3874 Romanos
472 3801 658 3888 Pontifices,
675 3822 733 3869 seu
744 3800 830 3868 alios
846 3799 887 3866 de
904 3799 1061 3868 mandato
1077 3799 1174 3868 Sedis
1190 3820 1262 3886 pre·

139 3919 226 3986 dicte
243 3916 353 4002 iactis,
368 3915 499 3982 modum
524 3914 556 3979 in
584 3911 781 3998 colligendis
797 3907 954 3995 predictis
971 3909 1145 3995 excedant,
1163 3907 1262 3976 alias·

23 4048 26 4057 ·
139 4025 264 4112 quein
291 4025 415 4092 talibus
442 4021 620 4108 pernitiose
645 4025 834 4104 versentur5
860 4038 922 4086 nos
948 4018 1097 4085 nolentes
1122 4019 1188 4085 ista
1200 4016 1263 4083 sub

140 4135 406 4204 dissimulatione
434 4132 595 4216 transire,
623 4148 664 4196 nc
689 4130 723 4195 in
750 4147 863 4212 grave,
889 4127 979 4211 quod
1003 4127 1101 4212 absit,
1126 4135 1264 4214 vergant

140 4244 290 4314 eiusdem
315 4250 401 4310 terre
427 4263 487 4329 per
513 4240 771 4308 subtractionem
796 4237 850 4305 rel
874 4237 1121 4305 diminutionem
1143 4234 1264 4321 prefati

139 4354 282 4423 subsidii
294 4353 545 4436 detrimentum,
561 4349 720 4432 volumus,
731 4347 809 4412 utin
819 4347 968 4433 predicto
984 4347 1096 4432 Regno
1114 4345 1264 4412 omnibus

134 4461 371 4532 executoribus
397 4461 532 4544 eisdem,
549 4458 701 4548 personis
726 4461 760 4521 et
784 4455 868 4524 locis
895 4453 1059 4541 deputatis
1076 4474 1097 4521 a
1113 4454 1265 4539 predicta

4 4617 5 4620 =
133 4569 222 4640 Sede
239 4592 342 4658 super
368 4569 554 4639 huiusmodi
580 4565 850 4636 concessionibus
871 4585 912 4632 ex
928 4571 1022 4651 parte
1038 4571 1152 4631 nostra
1166 4565 1263 4632 firmi-

134 4689 186 4748 ter
203 4681 355 4748 inbibere
371 4697 537 4766 procures,
549 4697 591 4744 ne
603 4675 833 4761 quoquomodo
844 4675 888 4743 ad
899 4671 1086 4760 colligenda
1101 4674 1264 4759 premissa

187 4797 610 4852 summouentem-ursus.
1079 4783 1102 4846 4
