3230 5268
371 1219 374 1228 ,
394 1147 429 1213 V.
447 1149 556 1214 [stoan
571 1144 996 1232 circumscribentes
1019 1145 1121 1213 eksctt
1137 1145 1249 1212 Poeta
1271 1147 1354 1212 acolt
1376 1141 1509 1208 tremet

407 1253 578 1341 crabtdjdt,
599 1253 748 1318 trueco
762 1255 880 1340 mepyee'
895 1255 1075 1320 oinckovat
1091 1263 1193 1342 epytttt
1208 1254 1358 1319 comati.
1384 1253 1484 1316 1271.

369 1507 374 1516 .
494 1449 712 1540 (S)tephanus
728 1450 792 1517 Dei
811 1451 926 1536 grecie
940 1451 1130 1538 Hungoric,
1146 1451 1340 1537 Dolmacic,
1356 1447 1507 1531 (troanie,

388 1562 507 1645 Remo,
533 1561 666 1645 Seruis,
687 1559 825 1628 Gallicis
834 1611 844 1645 ,
861 1559 1054 1627 Lodomerie
1064 1612 1074 1646 ,
1092 1559 1268 1646 Comanis,
1284 1555 1508 1642 Bulgarieque

388 1670 458 1736 Rex
474 1668 622 1736 omnibus
637 1673 808 1755 presentes
824 1667 952 1736 litteras
968 1669 1161 1754 inspecturis
1172 1667 1354 1735 salutemin
1365 1665 1508 1732 omnium

388 1778 565 1846 saluatore.
608 1776 657 1844 Ao
682 1776 904 1848 vniuersorum
928 1775 1082 1844 noticiam
1106 1777 1219 1843 hurum
1245 1779 1331 1845 serie
1355 1775 1508 1843 volumus

387 1885 568 1972 peruenire,
586 1884 672 1968 quod
688 1905 761 1951 curn
777 1891 890 1953 contra
904 1886 1028 1972 Regem
1037 1886 1171 1953 Boemio
1181 1889 1340 1952 armatum
1349 1883 1507 1950 miliciam

388 1993 600 2061 mouisscmus
616 2013 673 2078 pro
690 1999 804 2061 nostru
824 1999 857 2059 et
872 1993 976 2075 Regni
992 1993 1109 2060 iniuria
1133 1991 1367 2080 propulsanda,
1395 1990 1507 2072 ibique

388 2099 511 2168 Diuina
528 2101 710 2186 opitulante
726 2099 904 2168 clemencie
924 2107 1038 2169 eontra
1063 2101 1201 2168 eundem
1226 2102 1348 2186 Regem
1372 2097 1508 2167 Boemie

388 2210 483 2277 nobis
499 2208 637 2276 victorie
653 2209 769 2277 celitus
785 2208 958 2296 arrisisset,
980 2229 1021 2276 ac
1036 2210 1166 2278 demum
1190 2210 1225 2276 in
1250 2212 1399 2292 Regnum
1425 2207 1507 2274 eius

388 2318 463 2386 dem
477 2316 578 2402 Regis
592 2317 725 2385 Boemic
740 2315 1000 2386 destinassemus
1026 2315 1191 2401 quondam
1215 2321 1401 2385 nostrorum
1424 2311 1506 2380 mili-

388 2433 457 2492 tnm
472 2424 652 2510 legionem,
669 2424 791 2493 eisdem
807 2425 867 2492 sub
884 2433 991 2496 cestro
1016 2429 1124 2492 Bruno
1148 2424 1365 2512 preliantibus
1389 2421 1506 2489 leudu-

386 2535 506 2619 biliter,
522 2535 605 2602 inter
619 2533 761 2616 reliquos
777 2534 888 2602 Poucu
903 2533 987 2604 iilius
1002 2533 1147 2621 Moghud
1162 2535 1204 2602 de
1220 2533 1330 2602 Garna
1344 2531 1380 2598 in
1396 2531 1504 2600 comi-

387 2644 463 2712 tatis
487 2641 729 2710 'l'rinchiniensi
752 2643 904 2710 occubuit
927 2641 1068 2709 fideliter
1092 2641 1290 2710 dimicando.
1315 2641 1384 2708 Nor
1408 2639 1507 2724 igitur

388 2751 606 2837 attendentes,
624 2753 711 2834 quod
727 2751 773 2836 hij
792 2753 895 2835 quiin
910 2752 984 2819 acie
999 2771 1058 2839 pro
1074 2751 1181 2838 patric
1195 2751 1384 2829 moriuntur,
1393 2747 1507 2815 uiuere

387 2857 611 2942 intelliguntur
625 2878 685 2944 per
700 2857 850 2945 gloriam,
866 2859 1016 2928 uolentes
1041 2858 1189 2927 eiusdem
1213 2859 1322 2926 Pouce
1348 2853 1506 2939 obsequia

386 2963 539 3050 graciosa
553 2969 586 3032 in
602 2966 669 3036 suis
695 2966 922 3052 superstitibus
951 2975 983 3032 ct
1007 2966 1150 3052 posteris
1172 2965 1377 3050 benignitate
1399 2963 1507 3047 Regia

387 3092 608 3160 compensare,
624 3073 668 3142 ad
684 3073 963 3159 supplicaciouem
988 3075 1215 3143 nichilominus
1230 3072 1377 3159 Moghud
1401 3070 1506 3158 patris

387 3181 530 3249 eiusdem
545 3183 667 3266 Pouee,
683 3183 789 3270 ipsum
804 3181 948 3269 Moghud
964 3183 1115 3251 etlilium
1139 3183 1229 3269 eius,
1256 3202 1329 3251 cum
1345 3167 1443 3248 terris
1459 3181 1505 3264 ip

386 3309 504 3376 sorum,
522 3291 555 3356 in
571 3289 687 3374 quibus
702 3299 837 3359 actenus
852 3289 1049 3378 resederunt,
1070 3292 1184 3380 Lyzko
1200 3299 1234 3358 et
1249 3291 1385 3359 Guarna
1408 3307 1503 3356 uoce·

385 3397 438 3484 tis,
457 3399 614 3485 exemptis
629 3419 651 3464 a
666 3405 774 3468 cestro
790 3399 1039 3488 Trynohinicnsi
1055 3399 1090 3466 in
1106 3419 1272 3468 numerum
1288 3399 1504 3469 seruiencium

385 3507 557 3591 Regalium
573 3508 633 3575 sub
650 3508 741 3577 motis
757 3507 911 3594 antiquis,
928 3509 1013 3576 sicut
1028 3514 1106 3575 ante
1121 3507 1257 3594 pacifice
1273 3507 1504 3594 possederunt,

386 3613 535 3682 duximus
551 3614 815 3686 transiiercndos.
836 3617 880 3684 vt
903 3617 1001 3700 igitur
1024 3617 1119 3686 huius
1143 3623 1254 3685 nostre
1279 3615 1504 3686 concessionis

386 3725 487 3789 series
503 3721 787 3792 irretractabiliter
802 3731 1000 3809 perseueret,
1027 3733 1195 3808 presentes
1211 3725 1276 3810 ipsi
1301 3723 1450 3809 Moglrud
1473 3729 1505 3789 et

386 3829 539 3897 Michacli
553 3830 620 3898 filio
637 3852 696 3900 suo
713 3834 933 3901 concessimus
951 3834 1079 3902 litteras
1105 3834 1247 3922 duplicis
1273 3833 1375 3917 sigilli
1399 3831 1504 3900 nostri

387 3939 563 4004 munimine
580 3939 765 4009 roboratas.
789 3938 911 4007 Datum
938 3961 996 4026 per
1021 3960 1136 4010 manus
1162 3942 1311 4027 magistri
1334 3939 1504 4008 Benedicti

387 4045 547 4130 Prepesitl
568 4045 768 4132 Orodiensis,
785 4047 859 4114 aule
883 4057 995 4117 nostre
1019 4047 1309 4118 Vico-Cancellarii
1333 4049 1449 4117 dilecti
1472 4053 1504 4114 et

388 4151 493 4222 tidelis
509 4156 621 4242 nostri,
636 4177 724 4224 anno
741 4156 882 4225 Domini·
899 4157 949 4222 Μο
965 4156 1035 4223 00⁰
1050 4160 1292 4245 septuagesimo
1307 4159 1424 4245 primo,
1441 4161 1503 4227 Re·

387 4261 443 4344 gni
459 4269 568 4330 autem
584 4265 687 4331 nostri
702 4285 787 4332 anno
802 4265 955 4334 secundo.

494 4457 643 4526 (Eredetie
656 4477 674 4516 a
686 4457 817 4518 Nemueti
835 4459 966 4518 Museurn
977 4458 1100 4520 lernau·
1113 4460 1398 4536 gylljtemtnycbeu.)

813 4714 1064 4727 ffl—
