3250 5268
616 321 754 432 dii...

121 525 226 590 turum
239 537 303 607 pes
317 537 377 588 nos
393 515 531 588 uoilotss
549 517 651 588 fuisse
666 525 896 608 proponerent,
912 527 947 590 et
971 539 1070 607 super
1093 521 1157 592 boe
1180 523 1244 608 pri·

114 627 280 714 nilegium
296 632 442 696 nostrum
459 647 531 696 cunr
550 625 640 696 bulis
655 645 758 696 untes
773 626 1000 698 exhibuissent
1010 649 1119 700 eorem
1136 630 1244 714 uobis,

12 751 14 778 f
120 745 152 806 et
167 757 276 826 super,
286 737 355 825 bijs
381 735 503 808 inisset
523 735 638 806 dnoius
655 737 890 824 disceptatum,
907 738 1044 808 taudem
1060 733 1246 825 nobisjeum

119 845 301 916 karissimo
311 843 378 914 filio
389 842 1080 934 nostroBeis,DueetooiusSoisnonie,pro
1090 845 1246 914 tribunali

121 953 326 1040 sedentibus,
351 960 385 1024 et
408 951 631 1024 assidentibus
647 953 743 1024 uobis
760 954 947 1024 Batonibus
964 953 1093 1037 uostris,
1109 953 1246 1026 iieurieo

122 1063 279 1152 videlieet
293 1065 385 1132 Bsno
402 1062 507 1134 toeius
523 1061 713 1150 Selenunie,
733 1063 919 1134 beureneio
942 1063 1095 1134 Psintino
1121 1062 1247 1134 (inmite

120 1171 334 1262 symigiensi,
357 1171 539 1244 venerabili
553 1179 649 1259 putre
674 1171 776 1242 Paulo
800 1173 964 1259 Episoopo
988 1171 1246 1258 wesprimiensis

12 1367 14 1384 ,
127 1282 205 1350 sule
220 1280 352 1352 domine
366 1283 493 1368 Regino
517 1280 693 1352 kerbsime
718 1281 878 1350 uonsortir
905 1287 1015 1350 nostre
1028 1281 1246 1366 Ouueeliurio,

12 1393 13 1472 ζ
125 1393 238 1479 Erney
255 1392 348 1462 Bsno
364 1389 482 1482 indies
498 1389 596 1462 Ourie
611 1396 732 1470 nostre,
750 1388 875 1460 Gemite
892 1390 1001 1460 (insiti
1016 1389 1141 1476 Ferrei,
1152 1389 1247 1460 chun

123 1499 219 1571 Bsno
236 1500 362 1570 comite
376 1500 569 1570 Zeindieusi
579 1551 590 1588 ,
614 1506 649 1570 et
663 1499 832 1586 Stepbsno
859 1499 984 1572 comite
999 1499 1248 1570 Posouiensi'eu

123 1608 240 1677 iudice
256 1609 354 1680 (iuris
369 1607 499 1679 domins
513 1608 659 1695 Regium
676 1609 763 1678 idem
778 1607 934 1696 magister
957 1608 1103 1678 Jseobus
1125 1607 1247 1694 ¹Comes

124 1717 394 1804 Trinohinieusis,
411 1739 451 1788 so
465 1719 623 1805 magister
644 1719 766 1788 Paulus
791 1723 825 1788 et
847 1718 991 1788 Miebuel
1018 1715 1137 1788 fratres
1161 1717 1247 1786 eiur-

125 1825 210 1913 dem,
228 1827 263 1896 iu
279 1836 392 1898 nostru
408 1835 441 1898 et
455 1829 677 1916 predictorum
692 1830 855 1898 Beronum
871 1834 1054 1897 nostrorum
1081 1826 1249 1896 eonstituti

125 1936 300 2020 preseneiu
316 1937 357 2006 de
372 1938 441 2005 iure
457 1957 517 2008 suo
534 1936 731 2024 diffidentes,
749 1945 919 2006 cesserunt
936 1931 1025 2005 omni
1041 1934 1092 2004 liti
1107 1939 1141 2004 et
1164 1935 1247 2003 aeui·
1347 1979 1352 1990 «

127 2045 191 2129 oni,
208 2065 307 2128 quum
322 2065 420 2134 snper
436 2047 532 2115 terris
549 2065 606 2128 seu
621 2045 903 2138 prossessionibus
920 2045 1107 2116 memoretis
1133 2051 1249 2115 contre

126 2153 260 2222 Petrum
275 2153 432 2223 Comitem
450 2157 651 2226 Hnntensem
667 2163 700 2226 et
716 2155 834 2226 fratros
856 2175 934 2225 suos
958 2153 1162 2240 untediotos,
1188 2171 1248 2222 nee

127 2281 190 2330 non
207 2263 314 2332 eeism
339 2271 450 2332 eontra
475 2265 559 2334 filios
584 2265 708 2336 Detriei
733 2265 868 2336 Comitis
893 2270 1064 2334 mouerunt
1087 2265 1121 2332 in
1144 2263 1250 2349 figure

123 2370 241 2458 judioij
259 2392 367 2441 eorum
382 2375 487 2444 nobis.
503 2377 640 2464 Propter
655 2375 744 2460 qnod
758 2397 818 2446 nos
833 2377 999 2463 predietss
1023 2374 1249 2463 possessiones

128 2477 308 2567 Toplyobs,
324 2483 460 2566 Wurne,
477 2493 509 2552 et
526 2486 619 2555 Silue
635 2491 781 2564 uocatus,
798 2504 871 2554 oum
887 2484 1038 2554 omnibus
1055 2481 1251 2552 utilitstibur

130 2595 161 2654 et
178 2590 394 2678 pertiuenoijs
411 2593 489 2677 suis,
507 2601 540 2663 et
555 2596 651 2664 metis
666 2615 707 2664 ue
723 2595 868 2664 terminis
892 2592 953 2665 sub
977 2591 1124 2682 prediots
1150 2609 1252 2662 sures

130 2697 220 2764 boiis
246 2707 360 2768 nostru
386 2704 567 2788 contentis,
604 2703 779 2773 dibinitiue
809 2702 1040 2772 sententiando
1068 2701 1250 2771 dimisimus

129 2809 316 2878 memoretis
333 2811 429 2878 Petro
446 2811 563 2880 Oomiti
579 2823 611 2880 et
631 2813 787 2882 iratribus
812 2812 893 2896 suis,
910 2811 994 2880 sieut
1018 2810 1180 2881 buotenns
1204 2817 1251 2878 te·

129 2922 278 3004 ruerant,
296 2925 451 3006 perpetuo
468 2926 501 2987 et
526 2919 664 3009 proibeo
689 2919 916 3010 possidendus,
943 2918 1100 3006 magistro
1123 2918 1251 2990 Jseobo

131 3029 162 3090 ut
176 3024 333 3096 frutribus
349 3031 417 3098 suis
433 3032 612 3117 sepedictis
630 3051 669 3099 ou
691 3031 834 3118 ipsorum
859 3027 1035 3096 heredibus
1059 3033 1251 3116 perpetuum

131 3154 229 3234 super
245 3135 311 3222 hijs
327 3117 499 3208 silentium
517 3139 741 3228 imponentes;
759 3137 817 3222 its,
840 3133 925 3220 qnod
940 3134 969 3203 si
983 3135 1070 3204 idem
1095 3135 1252 3222 magister

130 3240 274 3314 Jaeobus
300 3247 351 3313 uel
376 3247 505 3317 fratres>
520 3250 570 3318 sui
593 3248 767 3338 prenotati,
784 3256 852 3315 -sut
869 3245 1013 3334 ipsorum
1029 3243 1169 3314 heredes
1183 3243 1252 3314 ullo

87 3347 88 3351 ’
133 3372 278 3440 unquam
295 3359 438 3443 tempore
454 3375 553 3444 super
572 3355 731 3448 predictis
755 3353 1040 3444 possessionibus,
1064 3353 1118 3422 uel
1141 3369 1251 3421 esrum

133 3461 256 3549 alique,
273 3469 387 3534 eontra
402 3467 550 3556 prefatos
566 3465 699 3535 Petrum
716 3466 875 3536 comitem
898 3471 931 3534 et
945 3463 1064 3532 iratres
1079 3479 1165 3547 suos,
1190 3479 1251 3532 neo

133 3591 199 3642 non
215 3572 325 3658 eninm,
337 3573 422 3646 filios
438 3576 562 3648 Detriei
578 3577 723 3662 Comitis,
741 3582 797 3644 sut
813 3593 924 3646 eorum
947 3571 1086 3642 beredss
1110 3569 1253 3658 questio·

132 3701 208 3750 nem
225 3683 371 3770 aliquam
385 3685 625 3774 suseitsueriut,
645 3693 802 3774 tunquam
817 3685 1091 3770 uelumpnistures
1115 3680 1252 3768 punien-

135 3797 197 3858 tur.
216 3791 438 3864 Deoeruentes
454 3793 683 3868 uiubilominus
700 3793 812 3864 omniu
826 3793 1052 3878 instrumento,
1067 3788 1254 3877 priuilegio,

134 3905 200 3968 tem
215 3900 361 3988 proniori
375 3905 480 3990 petris
497 3905 599 3974 nostri
615 3922 713 3990 quem
729 3901 834 3974 eoism
849 3901 999 3986 eliorum,
1024 3915 1084 3968 seu
1107 3898 1253 3986 quelibet
1351 3987 1354 3994 ι

135 4007 345 4095 munimento,
361 4031 424 4096 que
439 4013 525 4083 idem
539 4013 697 4098 magister
711 4010 857 4084 Jsoobus
872 4011 927 4080 uel
943 4008 1061 4077 fratres
1077 4005 1128 4076 sui
1153 4023 1251 4094 super

135 4117 294 4205 predictis
309 4121 575 4208 possessionibus
589 4123 656 4192 ullo
682 4141 826 4208 unquam
852 4125 998 4206 ternpore
1026 4115 1251 4201 exbibuerunt,

136 4246 210 4298 esse
225 4247 323 4298 ossus
338 4238 372 4298 et
387 4230 480 4302 irrite
502 4240 536 4300 et
562 4231 650 4302 omni
673 4230 790 4300 robore
816 4228 978 4310 ueriturs,
1003 4230 1037 4292 et
1059 4221 1252 4294 auorodure

136 4338 343 4428 presencium
357 4348 526 4428 renuente,
543 4360 583 4412 no
599 4338 731 4428 penitus
746 4336 905 4405 unuilutn.
921 4334 994 4404 Hoo
1009 4332 1154 4416 adiuero,
1168 4331 1259 4418 ‹pnod¹

135 4446 401 4538 ousudoeumqne
411 4449 496 4519 idem
504 4448 660 4536 magister
669 4445 824 4530 Jseobns,
841 4444 895 4534 uei
911 4441 1030 4510 irstres
1042 4437 1106 4527 rui,
1122 4445 1181 4511 sut
1195 4459 1249 4510 eo·

137 4577 206 4651 rum
220 4579 429 4641 sueosssores
445 4559 629 4632 huiusmodi
653 4559 867 4630 instrumenta
881 4554 914 4622 in
929 4549 1060 4640 juditio
1084 4549 1139 4620 uei
1154 4555 1261 4622 extre¹

134 4671 290 4757 tudetem
305 4667 756 4760 exbiberepttemptuuerint,
775 4671 932 4750 munuum
956 4658 1089 4749 fulserii
1112 4659 1268 4776 pmn'.
