3250 5268
856 325 1016 426 *uuo-

371 531 404 592 et
419 522 525 592 tendit
541 523 586 592 ad
603 524 711 610 Zupnr
735 521 1087 608 villamjobagiouum
1098 569 1107 605 ,
1134 517 1190 608 ubi
1213 521 1286 585 sunt
1302 517 1366 584 dne
1390 521 1498 597 mete;

370 631 449 700 bino
466 632 573 719 vergit
588 651 703 701 versus
727 633 894 699 meridiem
910 625 952 695 sd
976 629 1168 716 Kyreztyen
1189 626 1302 696 uillam
1319 621 1501 692 crucifero·

372 761 453 825 rum,
471 747 504 808 et
520 741 567 808 ibi
582 749 658 808 sunt
674 740 738 810 due
755 746 858 826 mete;
884 737 1006 804 abinde
1027 737 1118 804 veuit
1133 736 1179 804 ud
1195 729 1498 822 septemtrionalem

372 849 528 936 plagam,
555 847 599 915 ad
615 848 684 915 Ker
699 847 813 916 villam
825 845 1061 934 jobagionum‚
1089 847 1147 912 ubi
1162 849 1240 912 sunt
1266 839 1416 907 simihter
1432 839 1498 905 due

372 963 479 1042 mete;
504 956 581 1024 inde
599 958 692 1025 venit
708 958 827 1026 iterum
843 955 886 1022 ad
902 956 1061 1025 orientem
1076 954 1119 1022 ad
1135 955 1273 1042 primam
1290 957 1423 1026 metum.
1440 945 1500 1014 uhi

371 1065 516 1147 orditur,
543 1075 576 1130 et
591 1065 638 1131 ibi
655 1066 905 1135 conterminium
929 1064 1047 1150 recipit
1062 1065 1138 1152 ipsa
1153 1071 1251 1148 terre.
1269 1061 1306 1127 Iu
1330 1058 1421 1126 euius
1450 1053 1501 1121 rei

372 1175 562 1240 memoriam
577 1173 621 1242 ud
636 1176 784 1262 psroinm
799 1174 996 1261 peticionem
1015 1177 1187 1261 presentes
1203 1169 1354 1237 dedimus
1370 1167 1502 1232 litteras

374 1279 476 1364 sigilli
502 1282 606 1348 nostri
632 1283 811 1348 munimine
836 1281 1020 1350 roboratus.
1063 1279 1160 1346 Anno
1186 1276 1297 1364 grecie
1326 1273 1501 1342 millesimo

373 1388 599 1456 ducentesimo
610 1392 818 1476 sexagesimo
835 1395 970 1473 qusrto;
988 1387 1147 1473 chepano
1158 1386 1338 1472 Proposito,
1356 1382 1502 1451 Jurlsone

373 1496 528 1582 Cantore,
546 1495 690 1566 Heetore
705 1496 853 1566 Custode
876 1495 1104 1563 existentibus.

373 1705 431 1778 (Au
445 1709 556 1766 eredeti
570 1707 710 1782 htrtydra
722 1707 862 1777 venires,
876 1709 940 1763 rdls
949 1725 1068 1765 voreses
1079 1708 1289 1780 selyemusindr
1300 1704 1391 1778 sugg,
1413 1701 1503 1774 mely-

373 1800 418 1854 rdl
431 1818 449 1856 s
461 1799 561 1873 peoset
576 1799 637 1857 mtlr
650 1802 805 1874 leporlott;
825 1817 844 1855 e
855 1797 1040 1890 leistt'suelen
1055 1817 1073 1855 s
1086 1801 1201 1856 szohott
1214 1800 1247 1854 A.
1261 1798 1295 1855 B.
1309 1796 1341 1854 C.
1358 1791 1503 1852 kbtbettlls

373 1887 430 1946 fele
442 1889 546 1948 retusi.
557 1892 681 1948 Kbsblte
692 1891 770 1950 Puur
782 1889 856 1947 ludu
869 1907 904 1946 ea
917 1889 954 1959 Uj
969 1890 1007 1945 hl.
1019 1890 1214 1948 Muueumbuu
1226 1889 1303 1944 1855.
1317 1885 1339 1942 1.
1352 1887 1380 1941 k.
1391 1887 1457 1944 399.
1470 1887 1504 1956 l.)

803 2162 1068 2174 *ιαμ-ι...-

371 2892 508 2960 Adonei
532 2893 752 2979 topralasmt
776 2897 928 2980 vorsduyi
941 2891 1022 2980 stlat
1047 2892 1315 2980 osatdlyozctsdrdl
1341 2893 1428 2959 nolu
1453 2894 1502 2958 hi·

757 3001 998 3088 zouyedpleuele.
1014 3002 1113 3068 1264.

480 3197 665 3282 Capitulum
682 3197 833 3264 Euolesie
850 3197 1030 3266 Hanteusis
1055 3197 1206 3265 omnibns
1220 3208 1393 3286 presentes
1410 3201 1500 3268 litte·

371 3322 428 3369 ras
444 3302 640 3390 inspecturis
659 3311 724 3369 tum
741 3303 948 3389 presentibus
973 3325 1073 3389 quern
1090 3303 1207 3374 suturis
1223 3309 1363 3373 salutem
1381 3309 1414 3374 iu
1431 3328 1502 3375 om·

371 3411 460 3475 nium
477 3409 660 3476 Saluatore.
677 3410 731 3477 Ad
747 3411 971 3481 uniuersorum
988 3413 1143 3479 noticiam
1163 3421 1275 3480 tenore
1291 3417 1501 3498 presencium

373 3517 522 3584 volumus
539 3517 722 3600 peruenire,
738 3519 824 3600 quod
839 3519 1007 3586 lohannes
1022 3520 1112 3588 lilius
1128 3521 1217 3586 Petri
1228 3521 1270 3587 de
1288 3521 1426 3591 Wosian
1443 3544 1502 3592 ex·

371 3621 477 3688 hibuit
492 3622 585 3688 nobis
602 3623 730 3690 litteras
748 3625 897 3708 magistri
914 3627 1087 3692 Laureueii
1106 3627 1232 3695 ludieis
1250 3629 1408 3698 nobilium
1425 3633 1499 3698 hlu-

370 3729 531 3812 gistratus
556 3729 764 3797 Zsladiensis
790 3730 821 3795 in
843 3732 906 3798 bue
932 3732 1038 3800 forma
1055 3759 1062 3800 :
1079 3732 1177 3812 Quod
1202 3755 1275 3808 eum
1301 3737 1437 3804 Nieolao
1453 3773 1501 3786 -

370 3867 415 3881 —
432 3873 469 3884 -
490 3834 619 3902 bomine
635 3857 694 3904 suo
711 3837 874 3904 bominem
900 3847 1046 3907 nostrum
1063 3841 1275 3920 mitteremus,
1300 3863 1412 3910 eorum
1428 3849 1501 3930 qui·

370 3941 432 4010 bus
450 3940 522 4026 ipse
538 3943 706 4010 Johannes
733 3949 853 4010 terram
871 3945 1014 4040 Wosyan
1031 3946 1194 4015 diuideret
1220 3951 1252 4014 in
1270 3952 1353 4018 duos
1370 3961 1498 4040 partes,

370 4067 507 4130 querum
518 4070 616 4116 vnum
633 4052 766 4132 Paulus,
778 4053 975 4136 Stephanus,
986 4055 1142 4142 Jaeobus,
1159 4057 1291 4122 Murcus
1302 4067 1335 4124 et
1345 4059 1500 4128 Mothous

370 4153 432 4220 filii
447 4155 544 4237 Posn,
564 4155 709 4224 Thomas
726 4159 811 4226 filius
828 4159 938 4244 Chyrd
953 4171 985 4227 et
1006 4161 1197 4231 Dominious
1214 4165 1301 4232 filius
1327 4168 1416 4254 Seeg
1433 4171 1501 4239 sihi

370 4259 548 4346 eligerent,
575 4265 686 4330 altera
703 4275 796 4352 parte
813 4283 914 4355 supra
930 4271 1016 4338 dieto
1031 4271 1176 4338 Johuuni
1192 4282 1226 4338 et
1250 4277 1320 4343 suis
1337 4276 1499 4347 fratribus

369 4375 583 4452 remanente,
608 4381 707 4459 prout
732 4373 878 4440 iudiciali
905 4377 1019 4443 ordine
1046 4377 1153 4444 lueret
1177 4390 1398 4466 proseentnur.
1426 4387 1500 4453 Nos

370 4481 479 4540 antem
496 4478 541 4543 ad
558 4479 662 4564 ipsius
687 4481 884 4566 peticionem
904 4489 938 4549 et
962 4485 1041 4552 iuris
1069 4485 1182 4552 ordine
1208 4489 1411 4576 deposcente
1439 4517 1499 4581 pro

370 4579 487 4644 maiori
503 4587 633 4650 cautela
660 4607 757 4654 vuum
776 4609 816 4654 ex
832 4591 927 4656 nobis
944 4594 1208 4677 transmisimus,
1226 4589 1284 4681 q'ui
1306 4601 1351 4667 ad
1368 4623 1429 4670 nos
1448 4625 1498 4672 re·
