3230 5268
863 371 1019 481 239-

381 578 438 638 aut
462 549 667 654 victualibus,
695 571 779 637 sicut
805 573 994 636 consuetum
1020 575 1080 655 cst,
1108 572 1218 640 lacere
1241 591 1300 639 nos
1318 573 1510 656 contingat,

382 680 490 746 Albas
505 680 695 748 monasterii
712 678 869 764 ciusdem,
886 677 1070 764 quicunque
1085 681 1182 746 fucrit
1192 701 1252 768 pro
1269 687 1426 766 tempore,
1447 691 1512 745 aut

380 789 544 872 Deoauus,
570 791 623 857 vel
648 787 749 872 aliqui
775 789 916 854 maiores
941 787 994 853 vel
1020 790 1172 874 pociores
1198 787 1239 855 de
1254 787 1412 856 iratribus
1431 789 1512 855 siue

382 898 541 965 officiales
556 897 660 983 ipsius
676 895 719 964 ad
736 915 795 962 nos
812 897 1032 982 personaliter
1047 899 1206 964 accedere
1221 895 1375 983 debcant,
1386 917 1513 984 recep·

381 1008 443 1074 turi
460 1013 492 1074 et
507 1009 650 1076 audituri
666 1027 705 1073 ac
721 1006 838 1072 facturi
855 1005 1099 1073 ordinacionem
1116 1011 1268 1092 nostram,
1286 1027 1381 1091 quam
1399 1027 1513 1094 snper

381 1118 470 1185 iacto
487 1119 698 1185 collectarum
714 1115 899 1182 huiusmodi
915 1113 1025 1182 lacere
1046 1123 1079 1182 et
1094 1114 1246 1182 ordinare
1262 1115 1358 1183 nobis
1372 1115 1513 1185 ridebi-

383 1227 468 1294 bitur
495 1227 584 1293 iuxta
610 1224 801 1310 qualitatem
817 1225 978 1310 temporis
994 1243 1066 1291 cum
1083 1223 1206 1292 eisdem
1222 1223 1262 1290 de
1278 1225 1513 1294 misericordie

383 1337 529 1417 lenitate,
545 1355 587 1403 ne
602 1335 724 1422 populo
739 1333 843 1420 ipsius
860 1333 1012 1401 Ecclesia
1036 1351 1095 1418 per
1105 1334 1297 1420 grauamina
1314 1332 1511 1401 huiusmodi

384 1447 427 1512 ad
451 1445 586 1512 nimiam
611 1449 836 1530 paupertatem
861 1449 895 1510 ct
920 1443 1180 1510 exinanicionem
1219 1441 1287 1508 vite
1321 1449 1513 1510 extremam

382 1553 532 1638 redacto,
556 1553 590 1618 in
606 1571 645 1618 ea
661 1573 720 1638 per
738 1551 997 1619 subtraecioncm
1014 1549 1240 1616 alimentorum
1256 1551 1377 1618 Diuinc
1394 1551 1513 1619 laudis

384 1682 507 1746 organa
531 1661 781 1748 suspendantur.
808 1659 902 1727 Vnde
918 1659 1066 1727 volumus
1083 1663 1116 1725 ct
1132 1657 1281 1726 fidelitati
1296 1667 1406 1726 vestre
1422 1680 1510 1746 pre-

385 1771 522 1856 cipimus
545 1769 678 1838 iirmitcr
703 1777 736 1836 et
752 1770 874 1856 stricte,
891 1777 1053 1854 quatenus
1068 1767 1208 1853 populos
1226 1767 1370 1836 eiusdem
1386 1789 1512 1838 mona·

386 1881 476 1946 sterii
492 1881 577 1947 vltra
593 1881 626 1948 id
643 1881 752 1947 nullus
768 1887 910 1948 vestrum
928 1879 1049 1946 debeat
1064 1877 1118 1944 vel
1134 1886 1297 1962 presumat
1313 1877 1510 1957 molestare,

383 2009 442 2056 neo
454 1989 887 2076 aliterlaoerepresumatis.
907 1989 1028 2055 Datum
1039 1989 1125 2074 apud
1138 1989 1369 2054 monasterium
1386 1989 1510 2057 Sancti

383 2095 515 2164 Martini
531 2098 564 2162 in
581 2105 699 2164 octaua
714 2097 864 2164 Omnium
879 2095 1071 2164 Sanctorum
1088 2115 1174 2162 anno
1186 2093 1317 2163 Domini
1328 2095 1509 2165 millesimo

385 2203 606 2273 ducentesimo
624 2207 877 2293 septuagesimo.

561 2415 709 2490 (Eredetie
723 2431 740 2471 a
753 2431 793 2471 su.
807 2413 931 2472 mdrtoni
942 2413 1095 2488 toaptcssg
1107 2415 1330 2489 levdltdrdban.)

810 2727 1079 2738 Ἢ

392 3492 429 3560 V.
445 3493 553 3560 Ietodo
577 3493 685 3580 leirdly
708 3495 884 3581 maperdeits'
907 3519 928 3561 a
937 3498 1171 3584 paoaoadolmr'
1186 3501 1319 3586 apdtsdp
1334 3499 1510 3565 clattooloa'

386 3604 534 3666 enomere
548 3623 569 3664 o
585 3623 627 3666 se.
645 3601 797 3668 [clodaldi
817 3615 906 3691 opert
930 3605 1157 3693 tdradrylcoedee‘
1178 3607 1503 3693 azaoadsopcorsto

494 3815 679 3902 Stephanus
700 3821 762 3887 Dei
787 3821 902 3906 gracia
928 3819 1116 3906 Hungurie,
1142 3823 1332 3902 Dalmaoie‚
1357 3823 1506 3906 Groauic,

388 3925 510 4008 Rama,
534 3927 665 4010 Seruio,
681 3927 841 4015 Gallicis,
858 3930 1050 4000 Lodomerie
1060 3983 1069 4016 ,
1086 3931 1263 4018 Oumauie,
1281 3931 1507 4017 Bulgarieque

387 4031 458 4098 Rex
473 4035 620 4101 omnibus
636 4055 774 4122 presens
790 4038 947 4124 scriptum
962 4041 1159 4126 inspecturis
1170 4041 1307 4108 salutem
1319 4041 1351 4106 in
1361 4041 1506 4106 omnium

388 4140 570 4211 Saluatore.
596 4143 648 4209 Ad
675 4145 898 4212 uniuersorum
923 4147 1083 4216 (lomitum
1109 4147 1273 4234 noticiam,
1290 4149 1506 4217 Posonieusis

387 4248 542 4317 videlieet
551 4300 559 4334 ,
580 4251 793 4338 Nytriensis,
810 4254 1004 4341 laudensis,
1021 4257 1312 4342 Kumarumieusis‚
1329 4256 1504 4324 Zaladieu·

390 4359 446 4443 sis,
463 4359 736 4446 wesprimiensis,
753 4361 961 4450 Tholnensis,
978 4365 1196 4453 Synigicnsis
1212 4385 1269 4436 seu
1285 4369 1429 4434 omnium
1444 4367 1504 4432 ali·

390 4485 479 4535 orum
504 4465 657 4534 Judioum
682 4491 721 4538 ao
751 4471 974 4558 Vicejudicum
990 4475 1104 4541 harum
1121 4475 1374 4543 serie'rolumus
1387 4493 1504 4561 peruc·

389 4577 470 4660 nire,
495 4574 583 4659 quod
608 4576 770 4647 accedens
794 4580 838 4646 ad
862 4587 1008 4648 nostram
1035 4584 1240 4668 presencium
1263 4581 1369 4652 tostis
1393 4590 1505 4652 noster

389 4684 585 4770 Bonisaoius‚
601 4681 716 4752 Albas
734 4687 926 4758 llonaaterii
942 4691 1060 4759 Sancti
1074 4691 1207 4761 Martini
1221 4690 1263 4760 de
1277 4692 1378 4759 Sacro
1393 4693 1504 4762 uena
