3250 5268
586 461 731 562 ...Q

96 657 271 742 providere
295 677 354 744 per
377 655 480 744 ipsius
505 657 595 725 sedis
622 657 747 724 litteras
772 675 836 724 non
863 656 1023 724 facientes
1042 661 1173 743 plenam
1191 667 1224 727 et

96 784 288 852 expressam
321 769 362 833 de
391 765 516 834 indulto
547 766 731 832 huiusmodi
764 767 980 851 mentionem;
1011 767 1082 834 sive
1114 769 1226 850 aliqua

95 872 195 959 ipsius
212 874 306 942 sedis
323 873 539 960 indulgentia,
564 893 623 961 per
650 893 746 958 qnam
763 875 899 942 effectos
916 875 1101 942 huiusmodi
1119 873 1226 960 gratie

95 979 246 1066 impediri
265 982 380 1050 valeat
405 984 458 1051 vel
485 982 631 1070 differri,
657 989 689 1050 et
714 983 755 1050 de
773 1001 837 1067 qna
854 984 1011 1067 cuiusque
1027 990 1097 1051 toto
1114 988 1225 1050 tenore

95 1087 132 1157 tle
148 1088 252 1157 verbo
278 1090 323 1156 od
349 1091 483 1157 verbum
510 1092 543 1156 in
569 1091 690 1158 nostris
716 1091 835 1158 litteris
860 1090 929 1159 fieri
956 1091 1077 1158 debeat
1102 1091 1225 1157 mentio

94 1197 264 1282 specialis.
299 1197 564 1267 Contradictores
582 1205 643 1265 etc.
670 1193 739 1267 Nos
757 1201 841 1264 enim
859 1198 1085 1265 nichilominus
1102 1197 1224 1266 irritum

94 1306 304 1374 decernimus
322 1314 355 1375 et
370 1304 468 1372 inane
478 1356 487 1391 ,
514 1306 543 1372 si
568 1325 664 1374 secus
681 1306 724 1374 de
739 1311 917 1392 personatu
936 1307 988 1372 vel
1006 1305 1168 1392 dignitate
1186 1324 1226 1372 ac

93 1411 264 1502 prebenda
280 1413 465 1482 huiusmodi
481 1412 688 1500 spostolicae,
706 1414 758 1481 vel
775 1415 893 1498 quavis
910 1415 1105 1482 anctoritate
1122 1413 1190 1482 alia
1204 1435 1225 1481 a

95 1541 258 1607 quoquam
276 1524 449 1608 contigerit
465 1523 666 1609 attemptari.
698 1523 857 1590 Volumus
884 1530 993 1592 sutem
1004 1573 1013 1608 ,
1035 1521 1124 1608 quod
1138 1521 1223 1591 idem

4 1703 6 1724 ἶ
95 1632 311 1718 capellanus,
337 1639 510 1718 postquam
537 1637 759 1718 personatum,
787 1630 839 1697 vel
864 1631 1060 1717 dignitatem
1086 1649 1127 1700 ac
1153 1650 1224 1716 prs·

95 1738 234 1808 leudam
254 1737 441 1810 huiusmodi
456 1739 554 1808 suerit
570 1737 706 1826 pacifice
718 1743 900 1822 assecutus,
913 1737 1223 1806 Archidiacouatum

95 1848 242 1935 resignet
259 1851 409 1934 eundem,
435 1869 531 1936 quem
557 1867 619 1916 nos
634 1845 865 1916 nichilominus
882 1851 1015 1914 extunc
1031 1864 1152 1915 vacare
1168 1845 1224 1912 de·

97 1959 261 2028 ceruimus
277 1979 316 2027 eo
331 1960 415 2048 ipso.
436 1959 557 2027 Datum
574 1957 662 2045 apud
680 1955 800 2028 Urbem
817 1957 971 2024 Veterem
988 1955 1109 2024 Idibus.
1126 1951 1224 2042 (Pon
1244 1981 1246 1992 ·

96 2064 239 2139 lifieatus
256 2063 379 2155 nostri)
393 2085 481 2135 auno
496 2067 601 2136 tertio.

189 2241 260 2316 (lV.
272 2241 370 2302 orben
388 2243 466 2318 plpa
477 2241 676 2316 Begentaibol,
689 2241 817 2300 Theium
829 2242 867 2300 ld.
882 2259 918 2298 m.
931 2243 953 2298 l.
966 2241 995 2298 k.
1009 2239 1071 2298 m
1085 2236 1117 2311 l.)

532 2541 779 2554 ῠ-υ--ιυ-ο

632 2998 685 3063 w.

95 3179 112 3241 l
118 3177 150 3242 V.
169 3179 278 3246 Ονόάπ
288 3181 382 3268 popo
392 3177 512 3242 Intonat
521 3175 626 3262 iy'jobb
642 3177 903 3262 ccopyorlcirdlyt
919 3175 989 3258 inti,
1001 3173 1082 3262 leopy
1099 3173 1222 3238 nllccrtt

95 3287 221 3370 Annuit,
247 3286 405 3374 palicziot
426 3288 721 3370 izvcyytcrcchnit,
748 3283 933 3347 lircokcean
957 3305 995 3345 ae
1019 3279 1220 3368 loborposoa.

4 3385 6 3402 ’
611 3391 709 3456 1264.

4 3655 6 3666 y
198 3569 355 3640 Urbanus
381 3568 564 3656 Episcopus
585 3575 648 3635 etc.
674 3569 846 3637 carissimo
863 3571 895 3636 in
912 3567 1042 3636 Christo
1063 3565 1130 3633 filio
1147 3567 1205 3634 Sto

96 3678 201 3766 phano
235 3677 331 3763 Regi,
363 3679 579 3764 primogenito
612 3678 773 3746 carissimi
805 3678 836 3744 in
870 3675 998 3744 Christo
1030 3673 1088 3740 tilii
1116 3673 1221 3742 nostri

97 3779 204 3872 B(cle)
222 3785 367 3853 illustris
394 3784 494 3870 Regis
521 3783 684 3870 Ungarie‚
711 3784 849 3852 salutem
868 3789 929 3848 etc.
957 3783 1064 3849 llente
1081 3783 1174 3869 vigili
1190 3789 1224 3851 et

4 3883 5 3886 ¹
98 3897 203 3962 animo
221 3894 375 3979 diligenti
401 3893 499 3961 debet
524 3892 582 3958 illa
606 3893 715 3960 omnio
733 3899 789 3958 tua
806 3891 953 3958 devitarc
980 3889 1174 3974 sublimitas,
1190 3891 1222 3957 iu

98 4005 212 4088 quibus
230 4003 273 4070 de
290 4004 406 4071 aculeo
422 4003 603 4089 iniquitatis
615 4003 733 4086 agitur,
750 4008 782 4067 et
797 3999 923 4067 oflensa
939 3998 1013 4082 Dei,
1030 4017 1070 4064 ac
1086 3998 1223 4085 pupillo·

98 4133 162 4180 rum
180 4120 215 4182 et
232 4111 454 4198 orphonorum
472 4111 590 4178 iniuria
606 4111 765 4177 contineri
781 4110 918 4177 videtur.
945 4109 1032 4192 Sane
1050 4106 1223 4172 carissima

4 4255 6 4266 ν
97 4221 127 4287 iu
144 4221 278 4289 Christo
294 4217 363 4286 filia
379 4227 493 4287 nostra
516 4219 612 4304 Agna
635 4217 738 4286 vidua
748 4270 757 4303 ,
782 4239 874 4286 soror
891 4223 958 4302 tua,
975 4217 1118 4284 Ducissa
1135 4211 1223 4281 Geli·

100 4331 139 4397 tis
155 4352 195 4399 ac
212 4331 257 4398 de
274 4330 396 4413 Bonna,
413 4335 446 4396 et
470 4325 510 4395 de
538 4329 631 4396 Mauo
657 4327 808 4410 Domina,
827 4333 859 4394 et
875 4325 988 4392 dilecti
1005 4323 1064 4389 filii
1081 4319 1222 4388 Michoel

4 4459 5 4528 j
98 4445 128 4505 et
143 4439 226 4506 Belo
245 4435 385 4522 orphani
402 4436 470 4503 nati
489 4435 568 4518 cius,
588 4433 681 4520 gravi
696 4435 790 4501 uobis
808 4433 1045 4516 conquestione
1062 4437 1222 4495 monstra·

4 4529 6 4538 ¹
98 4557 177 4632 runt,
194 4545 285 4632 quod
312 4553 348 4613 tu
374 4563 432 4613 eos
457 4543 499 4611 de
524 4546 628 4612 Beroe
645 4547 677 4611 et
693 4543 790 4610 Fizer
806 4540 941 4624 Castris,
965 4559 1003 4607 ac
1021 4539 1175 4606 Solomon
1192 4545 1225 4602 et

99 4653 136 4720 ds
151 4656 281 4723 Borsna
297 4652 394 4736 villis,
412 4653 600 4736 iuribusque
616 4659 648 4718 et
664 4651 869 4738 pertinentiis
887 4651 964 4731 soie,
983 4667 1046 4732 que
1064 4645 1141 4714 dicti
1157 4645 1223 4713 Du·

4 4807 5 4810 ,
103 4763 185 4830 cisso
200 4771 234 4832 et
251 4761 392 4848 orphani
408 4780 445 4829 se
461 4759 516 4826 diu
533 4760 621 4826 iuste
646 4768 679 4826 et
704 4756 840 4846 pacifice
857 4765 1009 4823 esserunt
1024 4753 1223 4841 possedisse,
