<?xml version="1.0" encoding="UTF-8"?>
<!DOCTYPE html PUBLIC "-//W3C//DTD XHTML 1.0 Transitional//EN"
    "http://www.w3.org/TR/xhtml1/DTD/xhtml1-transitional.dtd">
<html xmlns="http://www.w3.org/1999/xhtml" xml:lang="en" lang="en">
 <head>
  <title>
</title>
<meta http-equiv="Content-Type" content="text/html;charset=utf-8" />
  <meta name='ocr-system' content='tesseract 3.04.00' />
  <meta name='ocr-capabilities' content='ocr_page ocr_carea ocr_par ocr_line ocrx_word'/>
</head>
<body>
  <div class='ocr_page' id='page_1' title='image "./codexdiplomatic07wenzgoog_0289.png"; bbox 0 0 3230 5268; ppageno 0'>
   <div class='ocr_carea' id='block_1_1' title="bbox 124 1223 1238 1424">
    <p class='ocr_par' dir='ltr' id='par_1_1' title="bbox 124 1223 1238 1424">
     <span class='ocr_line' id='line_1_1' title="bbox 124 1223 1238 1322; baseline -0.002 -24"><span class='ocrx_word' id='word_1_1' title='bbox 124 1227 321 1318; x_wconf 54' lang='lat' dir='ltr'><strong>Kouaene</strong></span> <span class='ocrx_word' id='word_1_2' title='bbox 336 1225 404 1296; x_wconf 69' lang='lat' dir='ltr'>oseis</span> <span class='ocrx_word' id='word_1_3' title='bbox 420 1223 568 1314; x_wconf 61' lang='lat' dir='ltr'><strong>brayae</strong></span> <span class='ocrx_word' id='word_1_4' title='bbox 579 1225 725 1296; x_wconf 68' lang='lat' dir='ltr'><strong>nuno</strong></span> <span class='ocrx_word' id='word_1_5' title='bbox 749 1249 884 1316; x_wconf 73' lang='lat' dir='ltr'><strong>maggae·</strong></span> <span class='ocrx_word' id='word_1_6' title='bbox 907 1229 1109 1320; x_wconf 69' lang='lat' dir='ltr'><strong>kirolyoeboz</strong></span> <span class='ocrx_word' id='word_1_7' title='bbox 1132 1255 1238 1322; x_wconf 63' lang='lat' dir='ltr'>aggari</span> 
     </span>
     <span class='ocr_line' id='line_1_2' title="bbox 491 1335 864 1424; baseline 0.013 -24"><span class='ocrx_word' id='word_1_8' title='bbox 491 1355 570 1400; x_wconf 78' lang='lat' dir='ltr'><strong>azoro</strong></span> <span class='ocrx_word' id='word_1_9' title='bbox 585 1335 750 1424; x_wconf 72' lang='lat' dir='ltr'><strong>torqybao.</strong></span> <span class='ocrx_word' id='word_1_10' title='bbox 765 1339 864 1404; x_wconf 80' lang='lat'><em>1271.</em></span> 
     </span>
    </p>
   </div>
   <div class='ocr_carea' id='block_1_2' title="bbox 117 1533 1238 3579">
    <p class='ocr_par' dir='ltr' id='par_1_2' title="bbox 117 1533 1238 3579">
     <span class='ocr_line' id='line_1_3' title="bbox 225 1533 1235 1626; baseline 0.008 -24"><span class='ocrx_word' id='word_1_11' title='bbox 225 1533 403 1606; x_wconf 85' lang='lat' dir='ltr'>Dileotioni</span> <span class='ocrx_word' id='word_1_12' title='bbox 417 1539 560 1622; x_wconf 74' lang='lat' dir='ltr'><strong>resinae,</strong></span> <span class='ocrx_word' id='word_1_13' title='bbox 575 1554 667 1605; x_wconf 88' lang='lat' dir='ltr'><strong>soror</strong></span> <span class='ocrx_word' id='word_1_14' title='bbox 684 1534 868 1618; x_wconf 76' lang='lat' dir='ltr'>norissima,</span> <span class='ocrx_word' id='word_1_15' title='bbox 885 1537 1105 1606; x_wconf 82' lang='lat' dir='ltr'>sineerissinno</span> <span class='ocrx_word' id='word_1_16' title='bbox 1127 1557 1235 1626; x_wconf 81' lang='lat' dir='ltr'><strong>regra·</strong></span> 
     </span>
     <span class='ocr_line' id='line_1_4' title="bbox 120 1642 1237 1730; baseline 0.005 -18"><span class='ocrx_word' id='word_1_17' title='bbox 120 1645 247 1728; x_wconf 74' lang='lat' dir='ltr'><strong>timor,</strong></span> <span class='ocrx_word' id='word_1_18' title='bbox 265 1644 353 1730; x_wconf 86' lang='lat' dir='ltr'><strong>quod</strong></span> <span class='ocrx_word' id='word_1_19' title='bbox 368 1664 428 1712; x_wconf 91' lang='lat' dir='ltr'><strong>nos</strong></span> <span class='ocrx_word' id='word_1_20' title='bbox 444 1644 564 1714; x_wconf 80' lang='lat' dir='ltr'><strong>restris</strong></span> <span class='ocrx_word' id='word_1_21' title='bbox 580 1643 684 1714; x_wconf 87' lang='lat' dir='ltr'>literis</span> <span class='ocrx_word' id='word_1_22' title='bbox 701 1649 733 1710; x_wconf 84' lang='lat' dir='ltr'><strong>ei</strong></span> <span class='ocrx_word' id='word_1_23' title='bbox 758 1644 872 1714; x_wconf 88' lang='lat' dir='ltr'><strong>nuntio</strong></span> <span class='ocrx_word' id='word_1_24' title='bbox 888 1642 1025 1729; x_wconf 78' lang='lat' dir='ltr'><strong>dignata</strong></span> <span class='ocrx_word' id='word_1_25' title='bbox 1049 1646 1130 1716; x_wconf 86' lang='lat' dir='ltr'>estis</span> <span class='ocrx_word' id='word_1_26' title='bbox 1154 1647 1237 1718; x_wconf 77' lang='lat' dir='ltr'><strong>affe·</strong></span> 
     </span>
     <span class='ocr_line' id='line_1_5' title="bbox 120 1751 1238 1838; baseline 0.004 -17"><span class='ocrx_word' id='word_1_27' title='bbox 120 1752 325 1826; x_wconf 84' lang='lat' dir='ltr'>niuosissime</span> <span class='ocrx_word' id='word_1_28' title='bbox 338 1755 495 1838; x_wconf 79' lang='lat' dir='ltr'><strong>salutare,</strong></span> <span class='ocrx_word' id='word_1_29' title='bbox 512 1753 554 1822; x_wconf 85' lang='lat' dir='ltr'><strong>de</strong></span> <span class='ocrx_word' id='word_1_30' title='bbox 570 1758 683 1822; x_wconf 84' lang='lat' dir='ltr'><strong>nostra</strong></span> <span class='ocrx_word' id='word_1_31' title='bbox 699 1751 808 1820; x_wconf 86' lang='lat' dir='ltr'><strong>salute</strong></span> <span class='ocrx_word' id='word_1_32' title='bbox 824 1758 857 1818; x_wconf 86' lang='lat' dir='ltr'><strong>ei</strong></span> <span class='ocrx_word' id='word_1_33' title='bbox 877 1752 967 1821; x_wconf 80' lang='lat' dir='ltr'>filiae</span> <span class='ocrx_word' id='word_1_34' title='bbox 991 1759 1122 1824; x_wconf 84' lang='lat' dir='ltr'><strong>nostrae</strong></span> <span class='ocrx_word' id='word_1_35' title='bbox 1136 1757 1238 1826; x_wconf 80' lang='lat' dir='ltr'><strong>oeris-</strong></span> 
     </span>
     <span class='ocr_line' id='line_1_6' title="bbox 119 1860 1238 1949; baseline 0.001 -16"><span class='ocrx_word' id='word_1_36' title='bbox 119 1864 225 1933; x_wconf 88' lang='lat' dir='ltr'>simao</span> <span class='ocrx_word' id='word_1_37' title='bbox 250 1861 411 1949; x_wconf 80' lang='lat' dir='ltr'>sospitato</span> <span class='ocrx_word' id='word_1_38' title='bbox 433 1860 685 1947; x_wconf 75' lang='lat' dir='ltr'><strong>congaudentes.</strong></span> <span class='ocrx_word' id='word_1_39' title='bbox 710 1860 899 1928; x_wconf 82' lang='lat' dir='ltr'><strong>Gandemns</strong></span> <span class='ocrx_word' id='word_1_40' title='bbox 925 1868 958 1928; x_wconf 84' lang='lat' dir='ltr'><strong>ot</strong></span> <span class='ocrx_word' id='word_1_41' title='bbox 981 1882 1041 1932; x_wconf 90' lang='lat' dir='ltr'><strong>nos</strong></span> <span class='ocrx_word' id='word_1_42' title='bbox 1066 1863 1108 1933; x_wconf 87' lang='lat' dir='ltr'><strong>de</strong></span> <span class='ocrx_word' id='word_1_43' title='bbox 1131 1867 1238 1934; x_wconf 81' lang='lat' dir='ltr'>saluis</span> 
     </span>
     <span class='ocr_line' id='line_1_7' title="bbox 119 1970 1238 2060; baseline 0.005 -20"><span class='ocrx_word' id='word_1_44' title='bbox 119 1972 229 2040; x_wconf 79' lang='lat' dir='ltr'>mariti</span> <span class='ocrx_word' id='word_1_45' title='bbox 245 1972 350 2040; x_wconf 80' lang='lat' dir='ltr'><strong>nestri</strong></span> <span class='ocrx_word' id='word_1_46' title='bbox 363 1971 528 2039; x_wconf 75' lang='lat' dir='ltr'>carissimi</span> <span class='ocrx_word' id='word_1_47' title='bbox 543 1980 642 2056; x_wconf 85' lang='lat' dir='ltr'><strong>atque</strong></span> <span class='ocrx_word' id='word_1_48' title='bbox 657 1975 768 2043; x_wconf 80' lang='lat' dir='ltr'><strong>vestra</strong></span> <span class='ocrx_word' id='word_1_49' title='bbox 783 1971 871 2038; x_wconf 85' lang='lat' dir='ltr'><strong>bona</strong></span> <span class='ocrx_word' id='word_1_50' title='bbox 881 1970 946 2040; x_wconf 84' lang='lat' dir='ltr'><strong>fids</strong></span> <span class='ocrx_word' id='word_1_51' title='bbox 956 1979 1134 2060; x_wconf 84' lang='lat' dir='ltr'><strong>;peienies,</strong></span> <span class='ocrx_word' id='word_1_52' title='bbox 1146 1994 1238 2046; x_wconf 86' lang='lat' dir='ltr'><strong>soror</strong></span> 
     </span>
     <span class='ocr_line' id='line_1_8' title="bbox 120 2078 1237 2169; baseline 0.008 -25"><span class='ocrx_word' id='word_1_53' title='bbox 120 2080 303 2164; x_wconf 79' lang='lat' dir='ltr'>norissima,</span> <span class='ocrx_word' id='word_1_54' title='bbox 319 2097 361 2146; x_wconf 86' lang='lat' dir='ltr'><strong>ex</strong></span> <span class='ocrx_word' id='word_1_55' title='bbox 376 2085 470 2166; x_wconf 83' lang='lat' dir='ltr'>pario</span> <span class='ocrx_word' id='word_1_56' title='bbox 485 2087 595 2146; x_wconf 84' lang='lat' dir='ltr'><strong>rostra</strong></span> <span class='ocrx_word' id='word_1_57' title='bbox 611 2079 673 2146; x_wconf 86' lang='lat' dir='ltr'><strong>hoo</strong></span> <span class='ocrx_word' id='word_1_58' title='bbox 687 2078 784 2146; x_wconf 94' lang='lat' dir='ltr'>nobis</span> <span class='ocrx_word' id='word_1_59' title='bbox 801 2078 938 2148; x_wconf 86' lang='lat' dir='ltr'><strong>oonoedi</strong></span> <span class='ocrx_word' id='word_1_60' title='bbox 954 2100 1013 2168; x_wconf 86' lang='lat' dir='ltr'><strong>pro</strong></span> <span class='ocrx_word' id='word_1_61' title='bbox 1038 2102 1158 2169; x_wconf 87' lang='lat' dir='ltr'>magno</span> <span class='ocrx_word' id='word_1_62' title='bbox 1183 2085 1237 2152; x_wconf 83' lang='lat' dir='ltr'><strong>be-</strong></span> 
     </span>
     <span class='ocr_line' id='line_1_9' title="bbox 118 2186 1237 2278; baseline 0.006 -25"><span class='ocrx_word' id='word_1_63' title='bbox 118 2189 235 2258; x_wconf 82' lang='lat' dir='ltr'><strong>nefloio</strong></span> <span class='ocrx_word' id='word_1_64' title='bbox 252 2194 286 2257; x_wconf 81' lang='lat' dir='ltr'><strong>ei</strong></span> <span class='ocrx_word' id='word_1_65' title='bbox 298 2207 420 2271; x_wconf 85' lang='lat' dir='ltr'><strong>amore,</strong></span> <span class='ocrx_word' id='word_1_66' title='bbox 438 2193 472 2254; x_wconf 87' lang='lat' dir='ltr'><strong>ut</strong></span> <span class='ocrx_word' id='word_1_67' title='bbox 487 2187 637 2256; x_wconf 88' lang='lat' dir='ltr'>omnibus</span> <span class='ocrx_word' id='word_1_68' title='bbox 657 2186 925 2274; x_wconf 74' lang='lat' dir='ltr'><strong>persuasionibus</strong></span> <span class='ocrx_word' id='word_1_69' title='bbox 949 2195 984 2256; x_wconf 81' lang='lat' dir='ltr'><strong>st</strong></span> <span class='ocrx_word' id='word_1_70' title='bbox 1008 2191 1170 2278; x_wconf 74' lang='lat' dir='ltr'><strong>poenibus,</strong></span> <span class='ocrx_word' id='word_1_71' title='bbox 1194 2193 1237 2260; x_wconf 88' lang='lat' dir='ltr'><strong>si·</strong></span> 
     </span>
     <span class='ocr_line' id='line_1_10' title="bbox 120 2293 1238 2386; baseline 0.006 -23"><span class='ocrx_word' id='word_1_72' title='bbox 120 2297 336 2384; x_wconf 77' lang='lat' dir='ltr'>ouipoiosiis,</span> <span class='ocrx_word' id='word_1_73' title='bbox 352 2295 505 2366; x_wconf 84' lang='lat' dir='ltr'><strong>indnoere</strong></span> <span class='ocrx_word' id='word_1_74' title='bbox 514 2293 692 2379; x_wconf 77' lang='lat' dir='ltr'>dignemini</span> <span class='ocrx_word' id='word_1_75' title='bbox 707 2298 858 2367; x_wconf 78' lang='lat' dir='ltr'>maritum</span> <span class='ocrx_word' id='word_1_76' title='bbox 868 2305 1013 2369; x_wconf 82' lang='lat' dir='ltr'><strong>nestrum</strong></span> <span class='ocrx_word' id='word_1_77' title='bbox 1023 2305 1057 2368; x_wconf 83' lang='lat' dir='ltr'><strong>et</strong></span> <span class='ocrx_word' id='word_1_78' title='bbox 1066 2298 1238 2386; x_wconf 78' lang='lat' dir='ltr'><strong>dominun,</strong></span> 
     </span>
     <span class='ocr_line' id='line_1_11' title="bbox 118 2403 1237 2495; baseline 0.004 -20"><span class='ocrx_word' id='word_1_79' title='bbox 118 2413 153 2475; x_wconf 81' lang='lat' dir='ltr'><strong>ut</strong></span> <span class='ocrx_word' id='word_1_80' title='bbox 167 2423 363 2491; x_wconf 85' lang='lat' dir='ltr'><strong>eompassus</strong></span> <span class='ocrx_word' id='word_1_81' title='bbox 379 2403 615 2474; x_wconf 78' lang='lat' dir='ltr'>afflictionibus</span> <span class='ocrx_word' id='word_1_82' title='bbox 632 2403 795 2474; x_wconf 80' lang='lat' dir='ltr'>nouissimi</span> <span class='ocrx_word' id='word_1_83' title='bbox 810 2405 920 2477; x_wconf 80' lang='lat' dir='ltr'>fratris</span> <span class='ocrx_word' id='word_1_84' title='bbox 940 2406 1053 2490; x_wconf 83' lang='lat' dir='ltr'><strong>nostri,</strong></span> <span class='ocrx_word' id='word_1_85' title='bbox 1079 2415 1237 2495; x_wconf 81' lang='lat' dir='ltr'><strong>promtum</strong></span> 
     </span>
     <span class='ocr_line' id='line_1_12' title="bbox 120 2514 1237 2604; baseline 0.003 -22"><span class='ocrx_word' id='word_1_86' title='bbox 120 2523 152 2584; x_wconf 83' lang='lat' dir='ltr'><strong>et</strong></span> <span class='ocrx_word' id='word_1_87' title='bbox 166 2521 319 2602; x_wconf 88' lang='lat' dir='ltr'><strong>paratum</strong></span> <span class='ocrx_word' id='word_1_88' title='bbox 335 2514 381 2582; x_wconf 88' lang='lat' dir='ltr'><strong>ad</strong></span> <span class='ocrx_word' id='word_1_89' title='bbox 397 2533 457 2583; x_wconf 86' lang='lat' dir='ltr'><strong>sna</strong></span> <span class='ocrx_word' id='word_1_90' title='bbox 473 2533 510 2581; x_wconf 89' lang='lat' dir='ltr'><strong>so</strong></span> <span class='ocrx_word' id='word_1_91' title='bbox 526 2521 745 2600; x_wconf 82' lang='lat' dir='ltr'><strong>exponentem</strong></span> <span class='ocrx_word' id='word_1_92' title='bbox 761 2514 919 2600; x_wconf 88' lang='lat' dir='ltr'><strong>obsequia</strong></span> <span class='ocrx_word' id='word_1_93' title='bbox 945 2521 978 2582; x_wconf 85' lang='lat' dir='ltr'><strong>et</strong></span> <span class='ocrx_word' id='word_1_94' title='bbox 994 2516 1160 2604; x_wconf 84' lang='lat' dir='ltr'>mandata,</span> <span class='ocrx_word' id='word_1_95' title='bbox 1185 2536 1237 2586; x_wconf 88' lang='lat' dir='ltr'><strong>re·</strong></span> 
     </span>
     <span class='ocr_line' id='line_1_13' title="bbox 118 2621 1237 2712; baseline 0.004 -22"><span class='ocrx_word' id='word_1_96' title='bbox 118 2642 238 2692; x_wconf 81' lang='lat' dir='ltr'><strong>rorare</strong></span> <span class='ocrx_word' id='word_1_97' title='bbox 254 2622 404 2709; x_wconf 78' lang='lat' dir='ltr'><strong>dignetur</strong></span> <span class='ocrx_word' id='word_1_98' title='bbox 419 2621 651 2709; x_wconf 74' lang='lat' dir='ltr'><strong>favorabiliter,</strong></span> <span class='ocrx_word' id='word_1_99' title='bbox 669 2623 913 2708; x_wconf 79' lang='lat' dir='ltr'><strong>complectendo</strong></span> <span class='ocrx_word' id='word_1_100' title='bbox 929 2625 1037 2711; x_wconf 84' lang='lat' dir='ltr'>potins</span> <span class='ocrx_word' id='word_1_101' title='bbox 1047 2645 1130 2712; x_wconf 88' lang='lat' dir='ltr'><strong>enm,</strong></span> <span class='ocrx_word' id='word_1_102' title='bbox 1142 2645 1237 2712; x_wconf 85' lang='lat' dir='ltr'><strong>quern</strong></span> 
     </span>
     <span class='ocr_line' id='line_1_14' title="bbox 119 2729 1237 2818; baseline 0.003 -18"><span class='ocrx_word' id='word_1_103' title='bbox 119 2731 230 2800; x_wconf 87' lang='lat' dir='ltr'>earnis</span> <span class='ocrx_word' id='word_1_104' title='bbox 247 2737 279 2797; x_wconf 87' lang='lat' dir='ltr'><strong>et</strong></span> <span class='ocrx_word' id='word_1_105' title='bbox 294 2731 463 2816; x_wconf 76' lang='lat' dir='ltr'><strong>sanguinis</strong></span> <span class='ocrx_word' id='word_1_106' title='bbox 486 2729 629 2799; x_wconf 82' lang='lat' dir='ltr'>debiinnn</span> <span class='ocrx_word' id='word_1_107' title='bbox 656 2732 718 2800; x_wconf 89' lang='lat' dir='ltr'>sibi</span> <span class='ocrx_word' id='word_1_108' title='bbox 742 2731 890 2818; x_wconf 81' lang='lat' dir='ltr'>stringit3</span> <span class='ocrx_word' id='word_1_109' title='bbox 917 2735 1070 2818; x_wconf 83' lang='lat' dir='ltr'>maxime,</span> <span class='ocrx_word' id='word_1_110' title='bbox 1097 2753 1169 2803; x_wconf 87' lang='lat' dir='ltr'><strong>enm</strong></span> <span class='ocrx_word' id='word_1_111' title='bbox 1195 2753 1237 2803; x_wconf 86' lang='lat' dir='ltr'><strong>ex</strong></span> 
     </span>
     <span class='ocr_line' id='line_1_15' title="bbox 117 2838 1236 2929; baseline 0.005 -25"><span class='ocrx_word' id='word_1_112' title='bbox 117 2839 180 2908; x_wconf 89' lang='lat' dir='ltr'><strong>boo</strong></span> <span class='ocrx_word' id='word_1_113' title='bbox 197 2841 376 2908; x_wconf 83' lang='lat' dir='ltr'><strong>illustretur</strong></span> <span class='ocrx_word' id='word_1_114' title='bbox 392 2838 501 2907; x_wconf 84' lang='lat' dir='ltr'>ianuae</span> <span class='ocrx_word' id='word_1_115' title='bbox 517 2859 597 2908; x_wconf 86' lang='lat' dir='ltr'><strong>snae</strong></span> <span class='ocrx_word' id='word_1_116' title='bbox 613 2838 724 2906; x_wconf 83' lang='lat' dir='ltr'>titulus</span> <span class='ocrx_word' id='word_1_117' title='bbox 739 2838 838 2924; x_wconf 89' lang='lat' dir='ltr'><strong>longe</strong></span> <span class='ocrx_word' id='word_1_118' title='bbox 855 2840 986 2924; x_wconf 87' lang='lat' dir='ltr'><strong>lateque</strong></span> <span class='ocrx_word' id='word_1_119' title='bbox 1001 2843 1153 2928; x_wconf 81' lang='lat' dir='ltr'>ampliori</span> <span class='ocrx_word' id='word_1_120' title='bbox 1167 2841 1236 2929; x_wconf 79' lang='lat' dir='ltr'><strong>glo</strong></span> 
     </span>
     <span class='ocr_line' id='line_1_16' title="bbox 118 2947 1237 3035; baseline -0.001 -18"><span class='ocrx_word' id='word_1_121' title='bbox 118 2951 169 3018; x_wconf 86' lang='lat' dir='ltr'><strong>ria</strong></span> <span class='ocrx_word' id='word_1_122' title='bbox 185 2956 219 3017; x_wconf 86' lang='lat' dir='ltr'><strong>ot</strong></span> <span class='ocrx_word' id='word_1_123' title='bbox 234 2948 366 3016; x_wconf 84' lang='lat' dir='ltr'><strong>bonore.</strong></span> <span class='ocrx_word' id='word_1_124' title='bbox 381 2948 450 3017; x_wconf 82' lang='lat' dir='ltr'><strong>Nos</strong></span> <span class='ocrx_word' id='word_1_125' title='bbox 466 2967 604 3035; x_wconf 86' lang='lat' dir='ltr'><strong>qnoque,</strong></span> <span class='ocrx_word' id='word_1_126' title='bbox 622 2947 777 3032; x_wconf 84' lang='lat' dir='ltr'>quamdin</span> <span class='ocrx_word' id='word_1_127' title='bbox 792 2947 943 3034; x_wconf 82' lang='lat' dir='ltr'>vivimus,</span> <span class='ocrx_word' id='word_1_128' title='bbox 959 2947 1055 3018; x_wconf 85' lang='lat' dir='ltr'>robis</span> <span class='ocrx_word' id='word_1_129' title='bbox 1072 2959 1105 3018; x_wconf 81' lang='lat' dir='ltr'><strong>et</strong></span> <span class='ocrx_word' id='word_1_130' title='bbox 1121 2947 1237 3018; x_wconf 86' lang='lat' dir='ltr'>sibiex</span> 
     </span>
     <span class='ocr_line' id='line_1_17' title="bbox 119 3055 1236 3142; baseline 0 -18"><span class='ocrx_word' id='word_1_131' title='bbox 119 3058 181 3124; x_wconf 90' lang='lat' dir='ltr'><strong>hoo</strong></span> <span class='ocrx_word' id='word_1_132' title='bbox 197 3056 419 3139; x_wconf 78' lang='lat' dir='ltr'>singularibus</span> <span class='ocrx_word' id='word_1_133' title='bbox 444 3057 595 3126; x_wconf 83' lang='lat' dir='ltr'><strong>volumus</strong></span> <span class='ocrx_word' id='word_1_134' title='bbox 620 3055 850 3125; x_wconf 76' lang='lat' dir='ltr'><strong>beneficiorum</strong></span> <span class='ocrx_word' id='word_1_135' title='bbox 874 3056 997 3124; x_wconf 87' lang='lat' dir='ltr'>meritis</span> <span class='ocrx_word' id='word_1_136' title='bbox 1021 3057 1236 3142; x_wconf 76' lang='lat' dir='ltr'><strong>complacere.</strong></span> 
     </span>
     <span class='ocr_line' id='line_1_18' title="bbox 119 3164 1236 3250; baseline 0.002 -18"><span class='ocrx_word' id='word_1_137' title='bbox 119 3167 224 3232; x_wconf 86' lang='lat' dir='ltr'><strong>Instet</strong></span> <span class='ocrx_word' id='word_1_138' title='bbox 239 3164 338 3247; x_wconf 84' lang='lat' dir='ltr'>igitur</span> <span class='ocrx_word' id='word_1_139' title='bbox 352 3175 463 3234; x_wconf 86' lang='lat' dir='ltr'><strong>vostra</strong></span> <span class='ocrx_word' id='word_1_140' title='bbox 487 3165 629 3250; x_wconf 74' lang='lat' dir='ltr'>bonitas,</span> <span class='ocrx_word' id='word_1_141' title='bbox 657 3183 749 3234; x_wconf 90' lang='lat' dir='ltr'><strong>soror</strong></span> <span class='ocrx_word' id='word_1_142' title='bbox 775 3164 957 3250; x_wconf 83' lang='lat' dir='ltr'>oarissinna,</span> <span class='ocrx_word' id='word_1_143' title='bbox 983 3169 1019 3232; x_wconf 84' lang='lat' dir='ltr'>ni</span> <span class='ocrx_word' id='word_1_144' title='bbox 1042 3171 1236 3250; x_wconf 84' lang='lat' dir='ltr'><strong>proourants</strong></span> 
     </span>
     <span class='ocr_line' id='line_1_19' title="bbox 119 3271 1235 3360; baseline 0.002 -20"><span class='ocrx_word' id='word_1_145' title='bbox 119 3279 226 3341; x_wconf 84' lang='lat' dir='ltr'><strong>vestro</strong></span> <span class='ocrx_word' id='word_1_146' title='bbox 242 3271 398 3360; x_wconf 83' lang='lat' dir='ltr'><strong>suffragio</strong></span> <span class='ocrx_word' id='word_1_147' title='bbox 414 3273 502 3343; x_wconf 86' lang='lat' dir='ltr'><strong>idern</strong></span> <span class='ocrx_word' id='word_1_148' title='bbox 517 3274 618 3341; x_wconf 83' lang='lat' dir='ltr'><strong>irater</strong></span> <span class='ocrx_word' id='word_1_149' title='bbox 634 3273 824 3342; x_wconf 84' lang='lat' dir='ltr'>norissimus</span> <span class='ocrx_word' id='word_1_150' title='bbox 848 3281 957 3341; x_wconf 77' lang='lat' dir='ltr'><strong>noster</strong></span> <span class='ocrx_word' id='word_1_151' title='bbox 983 3279 1166 3358; x_wconf 75' lang='lat' dir='ltr'><strong>revosetur,</strong></span> <span class='ocrx_word' id='word_1_152' title='bbox 1182 3293 1235 3342; x_wconf 83' lang='lat' dir='ltr'><strong>oe·</strong></span> 
     </span>
     <span class='ocr_line' id='line_1_20' title="bbox 119 3381 1235 3452; baseline 0.001 -2"><span class='ocrx_word' id='word_1_153' title='bbox 119 3383 271 3452; x_wconf 81' lang='lat' dir='ltr'>tissimus</span> <span class='ocrx_word' id='word_1_154' title='bbox 288 3382 441 3451; x_wconf 86' lang='lat' dir='ltr'>dominae</span> <span class='ocrx_word' id='word_1_155' title='bbox 457 3381 618 3451; x_wconf 76' lang='lat' dir='ltr'><strong>oenotris</strong></span> <span class='ocrx_word' id='word_1_156' title='bbox 635 3389 824 3452; x_wconf 80' lang='lat' dir='ltr'><strong>nostraene</strong></span> <span class='ocrx_word' id='word_1_157' title='bbox 849 3382 925 3450; x_wconf 89' lang='lat' dir='ltr'>aliis</span> <span class='ocrx_word' id='word_1_158' title='bbox 950 3382 1070 3450; x_wconf 86' lang='lat' dir='ltr'>nostris</span> <span class='ocrx_word' id='word_1_159' title='bbox 1096 3383 1235 3451; x_wconf 83' lang='lat' dir='ltr'><strong>oarnnli·</strong></span> 
     </span>
     <span class='ocr_line' id='line_1_21' title="bbox 119 3491 730 3579; baseline -0.003 -19"><span class='ocrx_word' id='word_1_160' title='bbox 119 3493 180 3562; x_wconf 92' lang='lat' dir='ltr'><strong>bus</strong></span> <span class='ocrx_word' id='word_1_161' title='bbox 197 3491 304 3562; x_wconf 80' lang='lat' dir='ltr'><strong>favori</strong></span> <span class='ocrx_word' id='word_1_162' title='bbox 320 3497 354 3561; x_wconf 85' lang='lat' dir='ltr'><strong>et</strong></span> <span class='ocrx_word' id='word_1_163' title='bbox 368 3493 498 3579; x_wconf 84' lang='lat' dir='ltr'>gratiae</span> <span class='ocrx_word' id='word_1_164' title='bbox 512 3491 714 3562; x_wconf 80' lang='lat' dir='ltr'><strong>reformetur.</strong></span> <span class='ocrx_word' id='word_1_165' title='bbox 728 3515 730 3522; x_wconf 94' lang='lat'>·</span> 
     </span>
    </p>
   </div>
   <div class='ocr_carea' id='block_1_3' title="bbox 511 3683 849 3762">
    <p class='ocr_par' dir='ltr' id='par_1_3' title="bbox 511 3683 849 3762">
     <span class='ocr_line' id='line_1_22' title="bbox 511 3683 849 3762; baseline -0.003 -16"><span class='ocrx_word' id='word_1_166' title='bbox 511 3684 654 3762; x_wconf 64' lang='lat' dir='ltr'><strong>noso,</strong></span> <span class='ocrx_word' id='word_1_167' title='bbox 663 3705 692 3746; x_wconf 72' lang='lat' dir='ltr'><strong>u.</strong></span> <span class='ocrx_word' id='word_1_168' title='bbox 704 3705 731 3746; x_wconf 69' lang='grc' dir='ltr'><strong>ο.</strong></span> <span class='ocrx_word' id='word_1_169' title='bbox 743 3686 805 3746; x_wconf 75' lang='lat' dir='ltr'><strong>sos.</strong></span> <span class='ocrx_word' id='word_1_170' title='bbox 817 3683 849 3760; x_wconf 90' lang='lat'><strong>1.)</strong></span> 
     </span>
    </p>
   </div>
   <div class='ocr_carea' id='block_1_4' title="bbox 0 0 1620 5268">
    <p class='ocr_par' dir='ltr' id='par_1_4' title="bbox 0 0 1620 5268">
     <span class='ocr_line' id='line_1_23' title="bbox 0 0 1620 5268; baseline 0 0"><span class='ocrx_word' id='word_1_171' title='bbox 0 0 1620 5268; x_wconf 95' lang='lat' dir='ltr'><strong> </strong></span> 
     </span>
    </p>
   </div>
  </div>
 </body>
</html>
