<?xml version="1.0" encoding="UTF-8"?>
<!DOCTYPE html PUBLIC "-//W3C//DTD XHTML 1.0 Transitional//EN"
    "http://www.w3.org/TR/xhtml1/DTD/xhtml1-transitional.dtd">
<html xmlns="http://www.w3.org/1999/xhtml" xml:lang="en" lang="en">
 <head>
  <title>
</title>
<meta http-equiv="Content-Type" content="text/html;charset=utf-8" />
  <meta name='ocr-system' content='tesseract 3.04.00' />
  <meta name='ocr-capabilities' content='ocr_page ocr_carea ocr_par ocr_line ocrx_word'/>
</head>
<body>
  <div class='ocr_page' id='page_1' title='image "./codexdiplomatic07wenzgoog_0135.png"; bbox 0 0 3250 5268; ppageno 0'>
   <div class='ocr_carea' id='block_1_1' title="bbox 123 519 1253 606">
    <p class='ocr_par' dir='ltr' id='par_1_1' title="bbox 1 517 1253 626">
     <span class='ocr_line' id='line_1_1' title="bbox 123 519 1253 606; baseline 0.003 -19.61"><span class='ocrx_word' id='word_1_1' title='bbox 123 520 250 587; x_wconf 90' lang='lat' dir='ltr'>nullum</span> <span class='ocrx_word' id='word_1_2' title='bbox 267 521 346 606; x_wconf 89' lang='lat' dir='ltr'>tiat,</span> <span class='ocrx_word' id='word_1_3' title='bbox 373 529 433 590; x_wconf 88' lang='lat' dir='ltr'>aut</span> <span class='ocrx_word' id='word_1_4' title='bbox 449 523 477 590; x_wconf 90' lang='lat' dir='ltr'>si</span> <span class='ocrx_word' id='word_1_5' title='bbox 504 528 556 589; x_wconf 90' lang='lat' dir='ltr'>est</span> <span class='ocrx_word' id='word_1_6' title='bbox 581 521 750 604; x_wconf 75' lang='lat' dir='ltr'><strong>aliquibus</strong></span> <span class='ocrx_word' id='word_1_7' title='bbox 776 523 817 588; x_wconf 89' lang='lat' dir='ltr'>ab</span> <span class='ocrx_word' id='word_1_8' title='bbox 834 519 950 588; x_wconf 87' lang='lat' dir='ltr'>eadem</span> <span class='ocrx_word' id='word_1_9' title='bbox 968 520 1054 589; x_wconf 86' lang='lat' dir='ltr'>Sede</span> <span class='ocrx_word' id='word_1_10' title='bbox 1078 521 1253 604; x_wconf 87' lang='lat' dir='ltr'>indultum,</span> 
     </span>
    </p>
   </div>
   <div class='ocr_carea' id='block_1_2' title="bbox 123 626 1254 1039">
    <p class='ocr_par' dir='ltr' id='par_1_2' title="bbox 123 626 1254 1039">
     <span class='ocr_line' id='line_1_2' title="bbox 123 626 1253 715; baseline 0.003 -22"><span class='ocrx_word' id='word_1_11' title='bbox 123 626 211 714; x_wconf 87' lang='lat' dir='ltr'>quod</span> <span class='ocrx_word' id='word_1_12' title='bbox 229 627 274 694; x_wconf 85' lang='lat' dir='ltr'>ad</span> <span class='ocrx_word' id='word_1_13' title='bbox 289 631 512 715; x_wconf 79' lang='lat' dir='ltr'>receptionem</span> <span class='ocrx_word' id='word_1_14' title='bbox 531 632 584 698; x_wconf 88' lang='lat' dir='ltr'>vel</span> <span class='ocrx_word' id='word_1_15' title='bbox 613 629 835 715; x_wconf 79' lang='lat' dir='ltr'>provisionem</span> <span class='ocrx_word' id='word_1_16' title='bbox 850 628 989 696; x_wconf 89' lang='lat' dir='ltr'>alicuius</span> <span class='ocrx_word' id='word_1_17' title='bbox 1014 629 1148 698; x_wconf 89' lang='lat' dir='ltr'>minime</span> <span class='ocrx_word' id='word_1_18' title='bbox 1164 636 1253 696; x_wconf 89' lang='lat' dir='ltr'>tene-</span> 
     </span>
     <span class='ocr_line' id='line_1_3' title="bbox 123 735 1253 822; baseline 0.003 -22"><span class='ocrx_word' id='word_1_19' title='bbox 123 741 232 820; x_wconf 82' lang='lat' dir='ltr'><strong>antur,</strong></span> <span class='ocrx_word' id='word_1_20' title='bbox 251 745 283 802; x_wconf 89' lang='lat' dir='ltr'>et</span> <span class='ocrx_word' id='word_1_21' title='bbox 300 739 344 805; x_wconf 87' lang='lat' dir='ltr'>ad</span> <span class='ocrx_word' id='word_1_22' title='bbox 362 737 399 804; x_wconf 90' lang='lat' dir='ltr'>td</span> <span class='ocrx_word' id='word_1_23' title='bbox 417 738 587 822; x_wconf 89' lang='lat' dir='ltr'>compelli,</span> <span class='ocrx_word' id='word_1_24' title='bbox 610 735 760 821; x_wconf 88' lang='lat' dir='ltr'>quodque</span> <span class='ocrx_word' id='word_1_25' title='bbox 776 735 940 822; x_wconf 80' lang='lat' dir='ltr'>interdici,</span> <span class='ocrx_word' id='word_1_26' title='bbox 956 737 1114 822; x_wconf 79' lang='lat' dir='ltr'>suspendi</span> <span class='ocrx_word' id='word_1_27' title='bbox 1131 740 1183 804; x_wconf 87' lang='lat' dir='ltr'>vel</span> <span class='ocrx_word' id='word_1_28' title='bbox 1200 757 1253 803; x_wconf 84' lang='lat' dir='ltr'>ex·</span> 
     </span>
     <span class='ocr_line' id='line_1_4' title="bbox 124 843 1254 931; baseline 0.001 -20"><span class='ocrx_word' id='word_1_29' title='bbox 124 846 362 913; x_wconf 89' lang='lat' dir='ltr'>communicari</span> <span class='ocrx_word' id='word_1_30' title='bbox 378 846 600 930; x_wconf 89' lang='lat' dir='ltr'>nonpossint,</span> <span class='ocrx_word' id='word_1_31' title='bbox 615 853 651 912; x_wconf 89' lang='lat' dir='ltr'>et</span> <span class='ocrx_word' id='word_1_32' title='bbox 667 843 754 928; x_wconf 89' lang='lat' dir='ltr'>quod</span> <span class='ocrx_word' id='word_1_33' title='bbox 770 844 812 912; x_wconf 89' lang='lat' dir='ltr'>de</span> <span class='ocrx_word' id='word_1_34' title='bbox 823 843 1004 931; x_wconf 89' lang='lat' dir='ltr'>beneficiis,</span> <span class='ocrx_word' id='word_1_35' title='bbox 1020 845 1254 930; x_wconf 89' lang='lat' dir='ltr'>personatibus</span> 
     </span>
     <span class='ocr_line' id='line_1_5' title="bbox 124 952 1250 1039; baseline 0.001 -21"><span class='ocrx_word' id='word_1_36' title='bbox 124 955 180 1020; x_wconf 91' lang='lat' dir='ltr'>vel</span> <span class='ocrx_word' id='word_1_37' title='bbox 195 952 417 1037; x_wconf 80' lang='lat' dir='ltr'>dignitatibus</span> <span class='ocrx_word' id='word_1_38' title='bbox 431 954 477 1020; x_wconf 87' lang='lat' dir='ltr'>ad</span> <span class='ocrx_word' id='word_1_39' title='bbox 494 953 702 1022; x_wconf 88' lang='lat' dir='ltr'>collationem</span> <span class='ocrx_word' id='word_1_40' title='bbox 728 971 838 1020; x_wconf 90' lang='lat' dir='ltr'>eorum</span> <span class='ocrx_word' id='word_1_41' title='bbox 854 953 1083 1039; x_wconf 76' lang='lat' dir='ltr'>spectantibus</span> <span class='ocrx_word' id='word_1_42' title='bbox 1100 954 1182 1020; x_wconf 90' lang='lat' dir='ltr'>nulli</span> <span class='ocrx_word' id='word_1_43' title='bbox 1198 972 1250 1019; x_wconf 92' lang='lat' dir='ltr'>va·</span> 
     </span>
    </p>
   </div>
   <div class='ocr_carea' id='block_1_3' title="bbox 1 1059 1251 1148">
    <p class='ocr_par' dir='ltr' id='par_1_3' title="bbox 1 1059 1251 1148">
     <span class='ocr_line' id='line_1_6' title="bbox 1 1059 1251 1148; baseline 0.001 -23"><span class='ocrx_word' id='word_1_44' title='bbox 1 1059 2 1102; x_wconf 69' lang='lat'><em>³</em></span> <span class='ocrx_word' id='word_1_45' title='bbox 122 1061 193 1127; x_wconf 66' lang='lat' dir='ltr'>leat</span> <span class='ocrx_word' id='word_1_46' title='bbox 208 1063 373 1148; x_wconf 91' lang='lat' dir='ltr'>provideri</span> <span class='ocrx_word' id='word_1_47' title='bbox 388 1083 447 1148; x_wconf 93' lang='lat' dir='ltr'>per</span> <span class='ocrx_word' id='word_1_48' title='bbox 462 1063 593 1129; x_wconf 83' lang='lat' dir='ltr'>litteras</span> <span class='ocrx_word' id='word_1_49' title='bbox 610 1061 834 1146; x_wconf 82' lang='lat' dir='ltr'>Apostolicas,</span> <span class='ocrx_word' id='word_1_50' title='bbox 851 1081 915 1144; x_wconf 91' lang='lat' dir='ltr'>que</span> <span class='ocrx_word' id='word_1_51' title='bbox 932 1061 974 1127; x_wconf 92' lang='lat' dir='ltr'>dc</span> <span class='ocrx_word' id='word_1_52' title='bbox 1000 1060 1127 1128; x_wconf 89' lang='lat' dir='ltr'>indulto</span> <span class='ocrx_word' id='word_1_53' title='bbox 1142 1059 1251 1126; x_wconf 92' lang='lat' dir='ltr'>huius-</span> 
     </span>
    </p>
   </div>
   <div class='ocr_carea' id='block_1_4' title="bbox 124 1167 1252 1473">
    <p class='ocr_par' dir='ltr' id='par_1_4' title="bbox 124 1167 1252 1473">
     <span class='ocr_line' id='line_1_7' title="bbox 125 1167 1252 1256; baseline -0.007 -14"><span class='ocrx_word' id='word_1_54' title='bbox 125 1169 214 1242; x_wconf 81' lang='lat' dir='ltr'>modi</span> <span class='ocrx_word' id='word_1_55' title='bbox 229 1171 365 1255; x_wconf 87' lang='lat' dir='ltr'>plenam</span> <span class='ocrx_word' id='word_1_56' title='bbox 382 1176 415 1238; x_wconf 90' lang='lat' dir='ltr'>et</span> <span class='ocrx_word' id='word_1_57' title='bbox 430 1184 622 1256; x_wconf 83' lang='lat' dir='ltr'>expressam</span> <span class='ocrx_word' id='word_1_58' title='bbox 634 1191 700 1238; x_wconf 92' lang='lat' dir='ltr'>non</span> <span class='ocrx_word' id='word_1_59' title='bbox 717 1167 857 1235; x_wconf 82' lang='lat' dir='ltr'>fecerint</span> <span class='ocrx_word' id='word_1_60' title='bbox 873 1170 1082 1246; x_wconf 90' lang='lat' dir='ltr'>mentionem,</span> <span class='ocrx_word' id='word_1_61' title='bbox 1099 1188 1157 1236; x_wconf 87' lang='lat' dir='ltr'>seu</span> <span class='ocrx_word' id='word_1_62' title='bbox 1174 1187 1252 1252; x_wconf 87' lang='lat' dir='ltr'>qua·</span> 
     </span>
     <span class='ocr_line' id='line_1_8' title="bbox 124 1275 1252 1362; baseline 0.003 -21"><span class='ocrx_word' id='word_1_63' title='bbox 124 1275 206 1344; x_wconf 90' lang='lat' dir='ltr'>libet</span> <span class='ocrx_word' id='word_1_64' title='bbox 221 1279 291 1344; x_wconf 86' lang='lat' dir='ltr'>alis</span> <span class='ocrx_word' id='word_1_65' title='bbox 302 1278 507 1362; x_wconf 77' lang='lat' dir='ltr'>indulgentia</span> <span class='ocrx_word' id='word_1_66' title='bbox 523 1279 609 1346; x_wconf 90' lang='lat' dir='ltr'>dicte</span> <span class='ocrx_word' id='word_1_67' title='bbox 625 1277 733 1359; x_wconf 89' lang='lat' dir='ltr'>Sedis,</span> <span class='ocrx_word' id='word_1_68' title='bbox 751 1277 792 1343; x_wconf 87' lang='lat' dir='ltr'>de</span> <span class='ocrx_word' id='word_1_69' title='bbox 808 1297 872 1361; x_wconf 90' lang='lat' dir='ltr'>qua</span> <span class='ocrx_word' id='word_1_70' title='bbox 884 1277 1038 1362; x_wconf 89' lang='lat' dir='ltr'>cuiusque</span> <span class='ocrx_word' id='word_1_71' title='bbox 1055 1283 1123 1346; x_wconf 90' lang='lat' dir='ltr'>toto</span> <span class='ocrx_word' id='word_1_72' title='bbox 1140 1285 1252 1346; x_wconf 85' lang='lat' dir='ltr'>tenore</span> 
     </span>
     <span class='ocr_line' id='line_1_9' title="bbox 124 1384 1250 1473; baseline 0.001 -23"><span class='ocrx_word' id='word_1_73' title='bbox 124 1384 166 1452; x_wconf 91' lang='lat' dir='ltr'>de</span> <span class='ocrx_word' id='word_1_74' title='bbox 182 1387 284 1454; x_wconf 81' lang='lat' dir='ltr'>verbo</span> <span class='ocrx_word' id='word_1_75' title='bbox 301 1385 490 1452; x_wconf 89' lang='lat' dir='ltr'>adverbum</span> <span class='ocrx_word' id='word_1_76' title='bbox 502 1394 656 1473; x_wconf 89' lang='lat' dir='ltr'>oporteat</span> <span class='ocrx_word' id='word_1_77' title='bbox 671 1387 705 1452; x_wconf 94' lang='lat' dir='ltr'>in</span> <span class='ocrx_word' id='word_1_78' title='bbox 725 1386 847 1454; x_wconf 88' lang='lat' dir='ltr'>nostris</span> <span class='ocrx_word' id='word_1_79' title='bbox 858 1386 1118 1472; x_wconf 90' lang='lat' dir='ltr'>litterisplenam</span> <span class='ocrx_word' id='word_1_80' title='bbox 1146 1391 1180 1453; x_wconf 87' lang='lat' dir='ltr'>ct</span> <span class='ocrx_word' id='word_1_81' title='bbox 1194 1404 1250 1451; x_wconf 86' lang='lat' dir='ltr'>ex-</span> 
     </span>
    </p>
   </div>
   <div class='ocr_carea' id='block_1_5' title="bbox 1 1494 1250 1587">
    <p class='ocr_par' dir='ltr' id='par_1_5' title="bbox 1 1494 1250 1587">
     <span class='ocr_line' id='line_1_10' title="bbox 1 1494 1250 1587; baseline 0.001 -29"><span class='ocrx_word' id='word_1_82' title='bbox 1 1583 2 1587; x_wconf 8' lang='lat'><em>*</em></span> <span class='ocrx_word' id='word_1_83' title='bbox 123 1513 276 1580; x_wconf 84' lang='lat' dir='ltr'>pressam</span> <span class='ocrx_word' id='word_1_84' title='bbox 290 1495 487 1562; x_wconf 78' lang='lat' dir='ltr'>mentionem</span> <span class='ocrx_word' id='word_1_85' title='bbox 498 1494 578 1578; x_wconf 86' lang='lat' dir='ltr'>fieri,</span> <span class='ocrx_word' id='word_1_86' title='bbox 597 1503 630 1562; x_wconf 89' lang='lat' dir='ltr'>et</span> <span class='ocrx_word' id='word_1_87' title='bbox 644 1514 704 1580; x_wconf 82' lang='lat' dir='ltr'>per</span> <span class='ocrx_word' id='word_1_88' title='bbox 720 1514 818 1577; x_wconf 89' lang='lat' dir='ltr'>quam</span> <span class='ocrx_word' id='word_1_89' title='bbox 829 1494 966 1561; x_wconf 84' lang='lat' dir='ltr'>edoctus</span> <span class='ocrx_word' id='word_1_90' title='bbox 976 1495 1178 1579; x_wconf 89' lang='lat' dir='ltr'>presentium</span> <span class='ocrx_word' id='word_1_91' title='bbox 1193 1495 1250 1561; x_wconf 93' lang='lat' dir='ltr'>im-</span> 
     </span>
    </p>
   </div>
   <div class='ocr_carea' id='block_1_6' title="bbox 121 1598 1250 1904">
    <p class='ocr_par' dir='ltr' id='par_1_6' title="bbox 121 1598 1250 1904">
     <span class='ocr_line' id='line_1_11' title="bbox 124 1598 1250 1688; baseline -0.004 -19"><span class='ocrx_word' id='word_1_92' title='bbox 124 1601 231 1687; x_wconf 86' lang='lat' dir='ltr'>pediri</span> <span class='ocrx_word' id='word_1_93' title='bbox 243 1602 356 1668; x_wconf 90' lang='lat' dir='ltr'>valeat</span> <span class='ocrx_word' id='word_1_94' title='bbox 370 1605 424 1669; x_wconf 92' lang='lat' dir='ltr'>vel</span> <span class='ocrx_word' id='word_1_95' title='bbox 441 1601 574 1688; x_wconf 79' lang='lat' dir='ltr'>differri,</span> <span class='ocrx_word' id='word_1_96' title='bbox 592 1609 648 1668; x_wconf 87' lang='lat' dir='ltr'>aut</span> <span class='ocrx_word' id='word_1_97' title='bbox 658 1601 746 1686; x_wconf 86' lang='lat' dir='ltr'>quod</span> <span class='ocrx_word' id='word_1_98' title='bbox 758 1601 870 1668; x_wconf 87' lang='lat' dir='ltr'>eedem</span> <span class='ocrx_word' id='word_1_99' title='bbox 882 1621 1018 1686; x_wconf 90' lang='lat' dir='ltr'>persone</span> <span class='ocrx_word' id='word_1_100' title='bbox 1033 1601 1120 1669; x_wconf 88' lang='lat' dir='ltr'>alias</span> <span class='ocrx_word' id='word_1_101' title='bbox 1132 1598 1250 1669; x_wconf 87' lang='lat' dir='ltr'>benefl-</span> 
     </span>
     <span class='ocr_line' id='line_1_12' title="bbox 123 1709 1250 1793; baseline -0.001 -16"><span class='ocrx_word' id='word_1_102' title='bbox 123 1709 210 1776; x_wconf 89' lang='lat' dir='ltr'>ciate</span> <span class='ocrx_word' id='word_1_103' title='bbox 222 1709 379 1793; x_wconf 80' lang='lat' dir='ltr'>existant,</span> <span class='ocrx_word' id='word_1_104' title='bbox 394 1709 591 1777; x_wconf 80' lang='lat' dir='ltr'>fraternitati</span> <span class='ocrx_word' id='word_1_105' title='bbox 603 1717 658 1790; x_wconf 80' lang='lat' dir='ltr'>tue</span> <span class='ocrx_word' id='word_1_106' title='bbox 674 1709 813 1776; x_wconf 88' lang='lat' dir='ltr'>liberam</span> <span class='ocrx_word' id='word_1_107' title='bbox 830 1710 1037 1777; x_wconf 89' lang='lat' dir='ltr'>concedimus</span> <span class='ocrx_word' id='word_1_108' title='bbox 1053 1709 1250 1776; x_wconf 88' lang='lat' dir='ltr'>auctoritate</span> 
     </span>
     <span class='ocr_line' id='line_1_13' title="bbox 121 1816 1249 1904; baseline 0 -22"><span class='ocrx_word' id='word_1_109' title='bbox 121 1819 330 1904; x_wconf 88' lang='lat' dir='ltr'>presentium</span> <span class='ocrx_word' id='word_1_110' title='bbox 342 1817 544 1886; x_wconf 82' lang='lat' dir='ltr'>facultatem.</span> <span class='ocrx_word' id='word_1_111' title='bbox 556 1817 677 1886; x_wconf 89' lang='lat' dir='ltr'>Datum</span> <span class='ocrx_word' id='word_1_112' title='bbox 689 1816 776 1904; x_wconf 90' lang='lat' dir='ltr'>apud</span> <span class='ocrx_word' id='word_1_113' title='bbox 788 1816 1063 1886; x_wconf 89' lang='lat' dir='ltr'>UrbcmVeterem</span> <span class='ocrx_word' id='word_1_114' title='bbox 1085 1818 1154 1886; x_wconf 91' lang='lat' dir='ltr'>Vll.</span> <span class='ocrx_word' id='word_1_115' title='bbox 1173 1819 1249 1886; x_wconf 85' lang='lat' dir='ltr'>Kal.</span> 
     </span>
    </p>
   </div>
   <div class='ocr_carea' id='block_1_7' title="bbox 1 1921 866 2012">
    <p class='ocr_par' dir='ltr' id='par_1_7' title="bbox 1 1921 866 2012">
     <span class='ocr_line' id='line_1_14' title="bbox 1 1921 866 2012; baseline -0.003 -18"><span class='ocrx_word' id='word_1_116' title='bbox 1 1989 2 2010; x_wconf 69' lang='lat'>,</span> <span class='ocrx_word' id='word_1_117' title='bbox 121 1924 254 1994; x_wconf 87' lang='lat' dir='ltr'>Octobr.</span> <span class='ocrx_word' id='word_1_118' title='bbox 273 1921 501 2009; x_wconf 88' lang='lat' dir='ltr'>(Pontificatus</span> <span class='ocrx_word' id='word_1_119' title='bbox 518 1921 635 2012; x_wconf 90' lang='lat' dir='ltr'>nostri)</span> <span class='ocrx_word' id='word_1_120' title='bbox 657 1945 743 1992; x_wconf 90' lang='lat' dir='ltr'>anuo</span> <span class='ocrx_word' id='word_1_121' title='bbox 760 1927 866 1991; x_wconf 90' lang='lat' dir='ltr'>tertio.</span> 
     </span>
    </p>
   </div>
   <div class='ocr_carea' id='block_1_8' title="bbox 120 2032 1250 2229">
    <p class='ocr_par' dir='ltr' id='par_1_8' title="bbox 120 2032 1250 2229">
     <span class='ocr_line' id='line_1_15' title="bbox 229 2032 1246 2121; baseline 0.005 -23"><span class='ocrx_word' id='word_1_122' title='bbox 229 2032 353 2098; x_wconf 88' lang='lat' dir='ltr'>Harum</span> <span class='ocrx_word' id='word_1_123' title='bbox 369 2033 467 2116; x_wconf 82' lang='lat' dir='ltr'>igitur</span> <span class='ocrx_word' id='word_1_124' title='bbox 477 2033 672 2100; x_wconf 87' lang='lat' dir='ltr'>auctoritate</span> <span class='ocrx_word' id='word_1_125' title='bbox 687 2035 867 2100; x_wconf 87' lang='lat' dir='ltr'>litterarum</span> <span class='ocrx_word' id='word_1_126' title='bbox 883 2033 1111 2103; x_wconf 88' lang='lat' dir='ltr'>canonicatum</span> <span class='ocrx_word' id='word_1_127' title='bbox 1128 2041 1161 2102; x_wconf 92' lang='lat' dir='ltr'>et</span> <span class='ocrx_word' id='word_1_128' title='bbox 1176 2055 1246 2121; x_wconf 90' lang='lat' dir='ltr'>pre·</span> 
     </span>
     <span class='ocr_line' id='line_1_16' title="bbox 120 2140 1250 2229; baseline -0.003 -20"><span class='ocrx_word' id='word_1_129' title='bbox 120 2141 280 2223; x_wconf 80' lang='lat' dir='ltr'>bendum,</span> <span class='ocrx_word' id='word_1_130' title='bbox 298 2159 361 2224; x_wconf 87' lang='lat' dir='ltr'>que</span> <span class='ocrx_word' id='word_1_131' title='bbox 377 2142 578 2208; x_wconf 89' lang='lat' dir='ltr'>venerabilis</span> <span class='ocrx_word' id='word_1_132' title='bbox 604 2149 704 2225; x_wconf 89' lang='lat' dir='ltr'>pater.</span> <span class='ocrx_word' id='word_1_133' title='bbox 715 2140 905 2208; x_wconf 82' lang='lat' dir='ltr'>Timotheus</span> <span class='ocrx_word' id='word_1_134' title='bbox 921 2142 1156 2226; x_wconf 82' lang='lat' dir='ltr'>Zagrabiensis</span> <span class='ocrx_word' id='word_1_135' title='bbox 1171 2141 1250 2229; x_wconf 82' lang='lat' dir='ltr'>Epi·</span> 
     </span>
    </p>
   </div>
   <div class='ocr_carea' id='block_1_9' title="bbox 1 2249 1248 2336">
    <p class='ocr_par' dir='ltr' id='par_1_9' title="bbox 1 2249 1248 2336">
     <span class='ocr_line' id='line_1_17' title="bbox 1 2249 1248 2336; baseline -0.001 -19"><span class='ocrx_word' id='word_1_136' title='bbox 1 2277 2 2284; x_wconf 46' lang='lat'>¹</span> <span class='ocrx_word' id='word_1_137' title='bbox 119 2271 243 2336; x_wconf 88' lang='lat' dir='ltr'>scopus</span> <span class='ocrx_word' id='word_1_138' title='bbox 260 2250 479 2335; x_wconf 86' lang='lat' dir='ltr'>promotionis</span> <span class='ocrx_word' id='word_1_139' title='bbox 495 2269 555 2317; x_wconf 92' lang='lat' dir='ltr'>sue</span> <span class='ocrx_word' id='word_1_140' title='bbox 571 2258 718 2336; x_wconf 90' lang='lat' dir='ltr'>tempore</span> <span class='ocrx_word' id='word_1_141' title='bbox 733 2250 766 2316; x_wconf 91' lang='lat' dir='ltr'>iu</span> <span class='ocrx_word' id='word_1_142' title='bbox 787 2249 1004 2334; x_wconf 81' lang='lat' dir='ltr'>Zagrabiensi</span> <span class='ocrx_word' id='word_1_143' title='bbox 1022 2252 1171 2320; x_wconf 86' lang='lat' dir='ltr'>Ecclesia</span> <span class='ocrx_word' id='word_1_144' title='bbox 1188 2251 1248 2317; x_wconf 92' lang='lat' dir='ltr'>ob·</span> 
     </span>
    </p>
   </div>
   <div class='ocr_carea' id='block_1_10' title="bbox 117 2357 1318 3849">
    <p class='ocr_par' dir='ltr' id='par_1_10' title="bbox 117 2357 1318 3849">
     <span class='ocr_line' id='line_1_18' title="bbox 117 2357 1248 2445; baseline 0.004 -23"><span class='ocrx_word' id='word_1_145' title='bbox 117 2357 249 2424; x_wconf 88' lang='lat' dir='ltr'>tinebat</span> <span class='ocrx_word' id='word_1_146' title='bbox 265 2358 420 2424; x_wconf 86' lang='lat' dir='ltr'>vacantia</span> <span class='ocrx_word' id='word_1_147' title='bbox 436 2377 495 2442; x_wconf 94' lang='lat' dir='ltr'>per</span> <span class='ocrx_word' id='word_1_148' title='bbox 521 2359 757 2443; x_wconf 90' lang='lat' dir='ltr'>promotionem</span> <span class='ocrx_word' id='word_1_149' title='bbox 776 2359 878 2443; x_wconf 90' lang='lat' dir='ltr'>ipsius</span> <span class='ocrx_word' id='word_1_150' title='bbox 896 2359 1072 2445; x_wconf 77' lang='lat' dir='ltr'>Episcopi,</span> <span class='ocrx_word' id='word_1_151' title='bbox 1098 2361 1158 2426; x_wconf 92' lang='lat' dir='ltr'>tibi</span> <span class='ocrx_word' id='word_1_152' title='bbox 1175 2380 1248 2428; x_wconf 91' lang='lat' dir='ltr'>cum</span> 
     </span>
     <span class='ocr_line' id='line_1_19' title="bbox 118 2463 1247 2552; baseline 0.004 -22"><span class='ocrx_word' id='word_1_153' title='bbox 118 2463 284 2548; x_wconf 91' lang='lat' dir='ltr'>domibus,</span> <span class='ocrx_word' id='word_1_154' title='bbox 303 2465 394 2530; x_wconf 89' lang='lat' dir='ltr'>curia</span> <span class='ocrx_word' id='word_1_155' title='bbox 410 2472 443 2532; x_wconf 91' lang='lat' dir='ltr'>et</span> <span class='ocrx_word' id='word_1_156' title='bbox 459 2465 611 2533; x_wconf 92' lang='lat' dir='ltr'>omnibus</span> <span class='ocrx_word' id='word_1_157' title='bbox 636 2463 761 2532; x_wconf 91' lang='lat' dir='ltr'>iuribus</span> <span class='ocrx_word' id='word_1_158' title='bbox 778 2473 812 2532; x_wconf 86' lang='lat' dir='ltr'>et</span> <span class='ocrx_word' id='word_1_159' title='bbox 828 2465 1036 2552; x_wconf 89' lang='lat' dir='ltr'>pertinentiis</span> <span class='ocrx_word' id='word_1_160' title='bbox 1053 2469 1121 2534; x_wconf 91' lang='lat' dir='ltr'>suis</span> <span class='ocrx_word' id='word_1_161' title='bbox 1139 2469 1247 2536; x_wconf 83' lang='lat' dir='ltr'>confe-</span> 
     </span>
     <span class='ocr_line' id='line_1_20' title="bbox 118 2572 1245 2660; baseline 0.005 -22"><span class='ocrx_word' id='word_1_162' title='bbox 118 2573 223 2639; x_wconf 89' lang='lat' dir='ltr'>rimus</span> <span class='ocrx_word' id='word_1_163' title='bbox 240 2576 274 2637; x_wconf 90' lang='lat' dir='ltr'>ct</span> <span class='ocrx_word' id='word_1_164' title='bbox 298 2572 510 2657; x_wconf 84' lang='lat' dir='ltr'>providemus</span> <span class='ocrx_word' id='word_1_165' title='bbox 528 2573 688 2660; x_wconf 90' lang='lat' dir='ltr'>deipsis,</span> <span class='ocrx_word' id='word_1_166' title='bbox 714 2579 747 2642; x_wconf 90' lang='lat' dir='ltr'>te</span> <span class='ocrx_word' id='word_1_167' title='bbox 764 2573 978 2642; x_wconf 84' lang='lat' dir='ltr'>investientes</span> <span class='ocrx_word' id='word_1_168' title='bbox 998 2575 1245 2659; x_wconf 78' lang='lat' dir='ltr'>presentialiter</span> 
     </span>
     <span class='ocr_line' id='line_1_21' title="bbox 118 2680 1318 2770; baseline 0.005 -23"><span class='ocrx_word' id='word_1_169' title='bbox 118 2701 177 2766; x_wconf 89' lang='lat' dir='ltr'>per</span> <span class='ocrx_word' id='word_1_170' title='bbox 195 2685 345 2746; x_wconf 91' lang='lat' dir='ltr'>nostrum</span> <span class='ocrx_word' id='word_1_171' title='bbox 372 2680 526 2747; x_wconf 88' lang='lat' dir='ltr'>annulum</span> <span class='ocrx_word' id='word_1_172' title='bbox 544 2681 587 2749; x_wconf 89' lang='lat' dir='ltr'>dc</span> <span class='ocrx_word' id='word_1_173' title='bbox 605 2681 740 2748; x_wconf 89' lang='lat' dir='ltr'>eisdem.</span> <span class='ocrx_word' id='word_1_174' title='bbox 765 2682 839 2748; x_wconf 88' lang='lat' dir='ltr'>Non</span> <span class='ocrx_word' id='word_1_175' title='bbox 857 2683 1010 2750; x_wconf 89' lang='lat' dir='ltr'>obstante</span> <span class='ocrx_word' id='word_1_176' title='bbox 1036 2691 1125 2749; x_wconf 88' lang='lat' dir='ltr'>certo</span> <span class='ocrx_word' id='word_1_177' title='bbox 1142 2683 1245 2770; x_wconf 90' lang='lat' dir='ltr'>ipsius</span> <span class='ocrx_word' id='word_1_178' title='bbox 1313 2695 1318 2700; x_wconf 89' lang='lat'>&#39;</span> 
     </span>
     <span class='ocr_line' id='line_1_22' title="bbox 117 2787 1245 2873; baseline 0.005 -20"><span class='ocrx_word' id='word_1_179' title='bbox 117 2787 268 2854; x_wconf 75' lang='lat' dir='ltr'>Ecclesie</span> <span class='ocrx_word' id='word_1_180' title='bbox 285 2787 514 2855; x_wconf 85' lang='lat' dir='ltr'>canonicorum</span> <span class='ocrx_word' id='word_1_181' title='bbox 530 2807 666 2857; x_wconf 88' lang='lat' dir='ltr'>numero</span> <span class='ocrx_word' id='word_1_182' title='bbox 683 2788 875 2873; x_wconf 86' lang='lat' dir='ltr'>iuramento,</span> <span class='ocrx_word' id='word_1_183' title='bbox 893 2787 1136 2860; x_wconf 84' lang='lat' dir='ltr'>confirmatione</span> <span class='ocrx_word' id='word_1_184' title='bbox 1150 2791 1245 2860; x_wconf 88' lang='lat' dir='ltr'>Sedis</span> 
     </span>
     <span class='ocr_line' id='line_1_23' title="bbox 118 2892 1244 2983; baseline 0.008 -23"><span class='ocrx_word' id='word_1_185' title='bbox 118 2892 323 2980; x_wconf 64' lang='lat' dir='ltr'>apostolice,</span> <span class='ocrx_word' id='word_1_186' title='bbox 339 2893 410 2961; x_wconf 89' lang='lat' dir='ltr'>sive</span> <span class='ocrx_word' id='word_1_187' title='bbox 428 2910 621 2978; x_wconf 81' lang='lat' dir='ltr'>quacunque</span> <span class='ocrx_word' id='word_1_188' title='bbox 641 2895 795 2964; x_wconf 85' lang='lat' dir='ltr'>firmitate</span> <span class='ocrx_word' id='word_1_189' title='bbox 812 2896 956 2983; x_wconf 88' lang='lat' dir='ltr'>vallato,</span> <span class='ocrx_word' id='word_1_190' title='bbox 975 2907 1031 2966; x_wconf 90' lang='lat' dir='ltr'>aut</span> <span class='ocrx_word' id='word_1_191' title='bbox 1048 2899 1077 2966; x_wconf 90' lang='lat' dir='ltr'>si</span> <span class='ocrx_word' id='word_1_192' title='bbox 1094 2899 1244 2970; x_wconf 91' lang='lat' dir='ltr'>domiuus</span> 
     </span>
     <span class='ocr_line' id='line_1_24' title="bbox 120 2997 1244 3096; baseline 0.011 -30"><span class='ocrx_word' id='word_1_193' title='bbox 120 2997 214 3086; x_wconf 88' lang='lat' dir='ltr'>Papa</span> <span class='ocrx_word' id='word_1_194' title='bbox 230 3002 264 3068; x_wconf 92' lang='lat' dir='ltr'>in</span> <span class='ocrx_word' id='word_1_195' title='bbox 280 3021 320 3069; x_wconf 87' lang='lat' dir='ltr'>ea</span> <span class='ocrx_word' id='word_1_196' title='bbox 336 3023 395 3089; x_wconf 91' lang='lat' dir='ltr'>pro</span> <span class='ocrx_word' id='word_1_197' title='bbox 421 3002 496 3070; x_wconf 89' lang='lat' dir='ltr'>aliis</span> <span class='ocrx_word' id='word_1_198' title='bbox 513 3005 680 3072; x_wconf 84' lang='lat' dir='ltr'>direxerat</span> <span class='ocrx_word' id='word_1_199' title='bbox 695 3005 818 3090; x_wconf 87' lang='lat' dir='ltr'>scripta</span> <span class='ocrx_word' id='word_1_200' title='bbox 835 3025 906 3092; x_wconf 91' lang='lat' dir='ltr'>sua,</span> <span class='ocrx_word' id='word_1_201' title='bbox 924 3025 981 3072; x_wconf 90' lang='lat' dir='ltr'>seu</span> <span class='ocrx_word' id='word_1_202' title='bbox 998 3008 1027 3074; x_wconf 91' lang='lat' dir='ltr'>si</span> <span class='ocrx_word' id='word_1_203' title='bbox 1045 3007 1142 3075; x_wconf 84' lang='lat' dir='ltr'>Sedis</span> <span class='ocrx_word' id='word_1_204' title='bbox 1158 3011 1244 3096; x_wconf 83' lang='lat' dir='ltr'>Apo·</span> 
     </span>
     <span class='ocr_line' id='line_1_25' title="bbox 123 3109 1247 3199; baseline 0.009 -23"><span class='ocrx_word' id='word_1_205' title='bbox 123 3109 242 3177; x_wconf 87' lang='lat' dir='ltr'>stolico</span> <span class='ocrx_word' id='word_1_206' title='bbox 274 3111 328 3177; x_wconf 89' lang='lat' dir='ltr'>vel</span> <span class='ocrx_word' id='word_1_207' title='bbox 360 3111 558 3197; x_wconf 84' lang='lat' dir='ltr'>Legatorum</span> <span class='ocrx_word' id='word_1_208' title='bbox 592 3111 718 3199; x_wconf 88' lang='lat' dir='ltr'>ipsius,</span> <span class='ocrx_word' id='word_1_209' title='bbox 750 3119 808 3179; x_wconf 89' lang='lat' dir='ltr'>aut</span> <span class='ocrx_word' id='word_1_210' title='bbox 840 3131 1032 3197; x_wconf 88' lang='lat' dir='ltr'>quacunque</span> <span class='ocrx_word' id='word_1_211' title='bbox 1054 3118 1247 3186; x_wconf 89' lang='lat' dir='ltr'>auctoritate</span> 
     </span>
     <span class='ocr_line' id='line_1_26' title="bbox 118 3217 1241 3309; baseline 0.005 -25"><span class='ocrx_word' id='word_1_212' title='bbox 118 3219 151 3284; x_wconf 92' lang='lat' dir='ltr'>in</span> <span class='ocrx_word' id='word_1_213' title='bbox 182 3237 226 3284; x_wconf 85' lang='lat' dir='ltr'>ea</span> <span class='ocrx_word' id='word_1_214' title='bbox 255 3217 290 3283; x_wconf 90' lang='lat' dir='ltr'>iu</span> <span class='ocrx_word' id='word_1_215' title='bbox 321 3219 494 3286; x_wconf 80' lang='lat' dir='ltr'>canonicos</span> <span class='ocrx_word' id='word_1_216' title='bbox 519 3219 621 3302; x_wconf 85' lang='lat' dir='ltr'>aliqui</span> <span class='ocrx_word' id='word_1_217' title='bbox 649 3220 717 3287; x_wconf 91' lang='lat' dir='ltr'>sint</span> <span class='ocrx_word' id='word_1_218' title='bbox 747 3221 898 3305; x_wconf 88' lang='lat' dir='ltr'>recepti,</span> <span class='ocrx_word' id='word_1_219' title='bbox 930 3221 983 3288; x_wconf 90' lang='lat' dir='ltr'>vel</span> <span class='ocrx_word' id='word_1_220' title='bbox 1014 3231 1049 3290; x_wconf 89' lang='lat' dir='ltr'>ut</span> <span class='ocrx_word' id='word_1_221' title='bbox 1079 3225 1241 3309; x_wconf 83' lang='lat' dir='ltr'>recipias·</span> 
     </span>
     <span class='ocr_line' id='line_1_27' title="bbox 119 3326 1243 3412; baseline 0.01 -22"><span class='ocrx_word' id='word_1_222' title='bbox 119 3331 173 3392; x_wconf 93' lang='lat' dir='ltr'>tur</span> <span class='ocrx_word' id='word_1_223' title='bbox 190 3326 368 3408; x_wconf 89' lang='lat' dir='ltr'>insistant,</span> <span class='ocrx_word' id='word_1_224' title='bbox 395 3327 513 3410; x_wconf 89' lang='lat' dir='ltr'>quibus</span> <span class='ocrx_word' id='word_1_225' title='bbox 530 3348 588 3412; x_wconf 91' lang='lat' dir='ltr'>per</span> <span class='ocrx_word' id='word_1_226' title='bbox 603 3328 665 3396; x_wconf 94' lang='lat' dir='ltr'>hoc</span> <span class='ocrx_word' id='word_1_227' title='bbox 691 3329 815 3412; x_wconf 85' lang='lat' dir='ltr'>quoad</span> <span class='ocrx_word' id='word_1_228' title='bbox 840 3330 1081 3398; x_wconf 85' lang='lat' dir='ltr'>assecutionem</span> <span class='ocrx_word' id='word_1_229' title='bbox 1107 3333 1243 3401; x_wconf 90' lang='lat' dir='ltr'>aliorum</span> 
     </span>
     <span class='ocr_line' id='line_1_28' title="bbox 117 3431 1241 3522; baseline 0.008 -24"><span class='ocrx_word' id='word_1_230' title='bbox 117 3431 361 3518; x_wconf 87' lang='lat' dir='ltr'>beneficiorum,</span> <span class='ocrx_word' id='word_1_231' title='bbox 378 3441 623 3520; x_wconf 85' lang='lat' dir='ltr'>personatuum,</span> <span class='ocrx_word' id='word_1_232' title='bbox 648 3437 702 3504; x_wconf 86' lang='lat' dir='ltr'>vel</span> <span class='ocrx_word' id='word_1_233' title='bbox 719 3437 917 3518; x_wconf 83' lang='lat' dir='ltr'>dignitatum</span> <span class='ocrx_word' id='word_1_234' title='bbox 943 3437 1157 3522; x_wconf 89' lang='lat' dir='ltr'>preindieium</span> <span class='ocrx_word' id='word_1_235' title='bbox 1175 3443 1241 3508; x_wconf 89' lang='lat' dir='ltr'>nul·</span> 
     </span>
     <span class='ocr_line' id='line_1_29' title="bbox 119 3538 1243 3634; baseline 0.008 -29"><span class='ocrx_word' id='word_1_236' title='bbox 119 3541 186 3607; x_wconf 92' lang='lat' dir='ltr'>lum</span> <span class='ocrx_word' id='word_1_237' title='bbox 204 3538 272 3623; x_wconf 89' lang='lat' dir='ltr'>fiat,</span> <span class='ocrx_word' id='word_1_238' title='bbox 289 3547 347 3607; x_wconf 92' lang='lat' dir='ltr'>aut</span> <span class='ocrx_word' id='word_1_239' title='bbox 362 3543 392 3608; x_wconf 92' lang='lat' dir='ltr'>si</span> <span class='ocrx_word' id='word_1_240' title='bbox 409 3551 460 3611; x_wconf 89' lang='lat' dir='ltr'>est</span> <span class='ocrx_word' id='word_1_241' title='bbox 476 3544 645 3626; x_wconf 90' lang='lat' dir='ltr'>aliquibus</span> <span class='ocrx_word' id='word_1_242' title='bbox 662 3545 705 3612; x_wconf 89' lang='lat' dir='ltr'>ab</span> <span class='ocrx_word' id='word_1_243' title='bbox 721 3543 836 3610; x_wconf 89' lang='lat' dir='ltr'>eadem</span> <span class='ocrx_word' id='word_1_244' title='bbox 852 3546 942 3614; x_wconf 86' lang='lat' dir='ltr'>Sede</span> <span class='ocrx_word' id='word_1_245' title='bbox 958 3547 1130 3634; x_wconf 87' lang='lat' dir='ltr'>indultum,</span> <span class='ocrx_word' id='word_1_246' title='bbox 1156 3549 1243 3631; x_wconf 91' lang='lat' dir='ltr'>quod</span> 
     </span>
     <span class='ocr_line' id='line_1_30' title="bbox 119 3645 1242 3736; baseline 0.007 -22"><span class='ocrx_word' id='word_1_247' title='bbox 119 3645 402 3733; x_wconf 75' lang='lat' dir='ltr'>ssd-receptionem</span> <span class='ocrx_word' id='word_1_248' title='bbox 429 3651 481 3716; x_wconf 87' lang='lat' dir='ltr'>vel</span> <span class='ocrx_word' id='word_1_249' title='bbox 507 3651 725 3736; x_wconf 85' lang='lat' dir='ltr'>provisionem</span> <span class='ocrx_word' id='word_1_250' title='bbox 751 3652 894 3719; x_wconf 90' lang='lat' dir='ltr'>alicuius</span> <span class='ocrx_word' id='word_1_251' title='bbox 911 3653 1042 3721; x_wconf 89' lang='lat' dir='ltr'>minime</span> <span class='ocrx_word' id='word_1_252' title='bbox 1068 3663 1242 3724; x_wconf 75' lang='lat' dir='ltr'>teneantur</span> 
     </span>
     <span class='ocr_line' id='line_1_31' title="bbox 118 3755 1240 3849; baseline 0.005 -27"><span class='ocrx_word' id='word_1_253' title='bbox 118 3762 151 3823; x_wconf 89' lang='lat' dir='ltr'>st</span> <span class='ocrx_word' id='word_1_254' title='bbox 167 3755 265 3822; x_wconf 87' lang='lat' dir='ltr'>adid</span> <span class='ocrx_word' id='word_1_255' title='bbox 281 3756 454 3844; x_wconf 80' lang='lat' dir='ltr'>compelli,</span> <span class='ocrx_word' id='word_1_256' title='bbox 482 3758 631 3844; x_wconf 88' lang='lat' dir='ltr'>quodque</span> <span class='ocrx_word' id='word_1_257' title='bbox 656 3759 829 3840; x_wconf 88' lang='lat' dir='ltr'>interdici,</span> <span class='ocrx_word' id='word_1_258' title='bbox 845 3763 1025 3849; x_wconf 88' lang='lat' dir='ltr'>suspendi,</span> <span class='ocrx_word' id='word_1_259' title='bbox 1041 3762 1095 3830; x_wconf 90' lang='lat' dir='ltr'>vcl</span> <span class='ocrx_word' id='word_1_260' title='bbox 1112 3783 1240 3830; x_wconf 85' lang='lat' dir='ltr'>excom·</span> 
     </span>
    </p>
   </div>
   <div class='ocr_carea' id='block_1_11' title="bbox 1 3863 1242 3954">
    <p class='ocr_par' dir='ltr' id='par_1_11' title="bbox 1 3863 1242 3954">
     <span class='ocr_line' id='line_1_32' title="bbox 1 3863 1242 3954; baseline 0.008 -26"><span class='ocrx_word' id='word_1_261' title='bbox 1 3909 2 3914; x_wconf 20' lang='grc' dir='ltr'>ι</span> <span class='ocrx_word' id='word_1_262' title='bbox 118 3863 278 3931; x_wconf 88' lang='lat' dir='ltr'>municari</span> <span class='ocrx_word' id='word_1_263' title='bbox 303 3885 368 3931; x_wconf 90' lang='lat' dir='ltr'>non</span> <span class='ocrx_word' id='word_1_264' title='bbox 392 3866 531 3950; x_wconf 86' lang='lat' dir='ltr'>possint,</span> <span class='ocrx_word' id='word_1_265' title='bbox 550 3873 581 3932; x_wconf 91' lang='lat' dir='ltr'>et</span> <span class='ocrx_word' id='word_1_266' title='bbox 606 3865 693 3950; x_wconf 92' lang='lat' dir='ltr'>quod</span> <span class='ocrx_word' id='word_1_267' title='bbox 721 3865 763 3934; x_wconf 92' lang='lat' dir='ltr'>de</span> <span class='ocrx_word' id='word_1_268' title='bbox 789 3865 976 3950; x_wconf 85' lang='lat' dir='ltr'>boneficiis,</span> <span class='ocrx_word' id='word_1_269' title='bbox 1010 3871 1242 3954; x_wconf 87' lang='lat' dir='ltr'>personatibus</span> 
     </span>
    </p>
   </div>
   <div class='ocr_carea' id='block_1_12' title="bbox 115 3969 1241 4712">
    <p class='ocr_par' dir='ltr' id='par_1_12' title="bbox 115 3969 1241 4712">
     <span class='ocr_line' id='line_1_33' title="bbox 117 3969 1241 4064; baseline 0.008 -28"><span class='ocrx_word' id='word_1_270' title='bbox 117 3969 170 4036; x_wconf 89' lang='lat' dir='ltr'>vel</span> <span class='ocrx_word' id='word_1_271' title='bbox 203 3971 421 4057; x_wconf 81' lang='lat' dir='ltr'>dignitatibus</span> <span class='ocrx_word' id='word_1_272' title='bbox 452 3973 495 4041; x_wconf 93' lang='lat' dir='ltr'>ad</span> <span class='ocrx_word' id='word_1_273' title='bbox 519 3973 728 4043; x_wconf 88' lang='lat' dir='ltr'>collationem</span> <span class='ocrx_word' id='word_1_274' title='bbox 761 3995 871 4042; x_wconf 90' lang='lat' dir='ltr'>eorum</span> <span class='ocrx_word' id='word_1_275' title='bbox 902 3979 1127 4064; x_wconf 87' lang='lat' dir='ltr'>spectantibus</span> <span class='ocrx_word' id='word_1_276' title='bbox 1158 3981 1241 4048; x_wconf 89' lang='lat' dir='ltr'>nulli</span> 
     </span>
     <span class='ocr_line' id='line_1_34' title="bbox 115 4079 1239 4170; baseline 0.009 -26"><span class='ocrx_word' id='word_1_277' title='bbox 115 4079 229 4144; x_wconf 86' lang='lat' dir='ltr'>valeat</span> <span class='ocrx_word' id='word_1_278' title='bbox 253 4081 420 4164; x_wconf 87' lang='lat' dir='ltr'>provideri</span> <span class='ocrx_word' id='word_1_279' title='bbox 451 4101 509 4168; x_wconf 90' lang='lat' dir='ltr'>per</span> <span class='ocrx_word' id='word_1_280' title='bbox 534 4083 663 4150; x_wconf 89' lang='lat' dir='ltr'>litteras</span> <span class='ocrx_word' id='word_1_281' title='bbox 688 4082 919 4170; x_wconf 76' lang='lat' dir='ltr'>apostolicas,</span> <span class='ocrx_word' id='word_1_282' title='bbox 947 4105 1009 4168; x_wconf 90' lang='lat' dir='ltr'>que</span> <span class='ocrx_word' id='word_1_283' title='bbox 1041 4086 1082 4155; x_wconf 90' lang='lat' dir='ltr'>de</span> <span class='ocrx_word' id='word_1_284' title='bbox 1113 4086 1239 4154; x_wconf 90' lang='lat' dir='ltr'>indulto</span> 
     </span>
     <span class='ocr_line' id='line_1_35' title="bbox 116 4183 1239 4282; baseline 0.012 -34"><span class='ocrx_word' id='word_1_285' title='bbox 116 4183 303 4254; x_wconf 89' lang='lat' dir='ltr'>huiusmodi</span> <span class='ocrx_word' id='word_1_286' title='bbox 334 4188 467 4277; x_wconf 89' lang='lat' dir='ltr'>plenam</span> <span class='ocrx_word' id='word_1_287' title='bbox 500 4195 739 4275; x_wconf 87' lang='lat' dir='ltr'>etexpressam</span> <span class='ocrx_word' id='word_1_288' title='bbox 769 4209 832 4256; x_wconf 92' lang='lat' dir='ltr'>non</span> <span class='ocrx_word' id='word_1_289' title='bbox 862 4191 999 4259; x_wconf 83' lang='lat' dir='ltr'>iecerint</span> <span class='ocrx_word' id='word_1_290' title='bbox 1029 4194 1239 4282; x_wconf 77' lang='lat' dir='ltr'>molitionem,</span> 
     </span>
     <span class='ocr_line' id='line_1_36' title="bbox 117 4295 1239 4386; baseline 0.013 -28"><span class='ocrx_word' id='word_1_291' title='bbox 117 4311 176 4359; x_wconf 83' lang='lat' dir='ltr'>seu</span> <span class='ocrx_word' id='word_1_292' title='bbox 202 4295 351 4376; x_wconf 86' lang='lat' dir='ltr'>qualibet</span> <span class='ocrx_word' id='word_1_293' title='bbox 382 4295 452 4364; x_wconf 88' lang='lat' dir='ltr'>alia</span> <span class='ocrx_word' id='word_1_294' title='bbox 477 4297 690 4384; x_wconf 77' lang='lat' dir='ltr'>indulgentia</span> <span class='ocrx_word' id='word_1_295' title='bbox 716 4297 804 4366; x_wconf 89' lang='lat' dir='ltr'>dicte</span> <span class='ocrx_word' id='word_1_296' title='bbox 821 4299 937 4380; x_wconf 83' lang='lat' dir='ltr'>Sedis,</span> <span class='ocrx_word' id='word_1_297' title='bbox 969 4301 1012 4368; x_wconf 88' lang='lat' dir='ltr'>de</span> <span class='ocrx_word' id='word_1_298' title='bbox 1040 4321 1105 4386; x_wconf 88' lang='lat' dir='ltr'>quc</span> <span class='ocrx_word' id='word_1_299' title='bbox 1135 4305 1239 4373; x_wconf 88' lang='lat' dir='ltr'>ouius-</span> 
     </span>
     <span class='ocr_line' id='line_1_37' title="bbox 116 4405 1239 4492; baseline 0.013 -26"><span class='ocrx_word' id='word_1_300' title='bbox 116 4419 179 4484; x_wconf 81' lang='lat' dir='ltr'>que</span> <span class='ocrx_word' id='word_1_301' title='bbox 195 4407 267 4470; x_wconf 91' lang='lat' dir='ltr'>toto</span> <span class='ocrx_word' id='word_1_302' title='bbox 284 4409 396 4472; x_wconf 88' lang='lat' dir='ltr'>tenore</span> <span class='ocrx_word' id='word_1_303' title='bbox 421 4405 462 4472; x_wconf 90' lang='lat' dir='ltr'>de</span> <span class='ocrx_word' id='word_1_304' title='bbox 478 4406 579 4474; x_wconf 90' lang='lat' dir='ltr'>verbo</span> <span class='ocrx_word' id='word_1_305' title='bbox 605 4407 800 4475; x_wconf 86' lang='lat' dir='ltr'>adverbum</span> <span class='ocrx_word' id='word_1_306' title='bbox 826 4415 978 4492; x_wconf 89' lang='lat' dir='ltr'>oporteat</span> <span class='ocrx_word' id='word_1_307' title='bbox 993 4409 1026 4476; x_wconf 90' lang='lat' dir='ltr'>in</span> <span class='ocrx_word' id='word_1_308' title='bbox 1044 4411 1161 4478; x_wconf 90' lang='lat' dir='ltr'>nostris</span> <span class='ocrx_word' id='word_1_309' title='bbox 1189 4413 1239 4481; x_wconf 83' lang='lat' dir='ltr'>lit</span> 
     </span>
     <span class='ocr_line' id='line_1_38' title="bbox 116 4511 1239 4606; baseline 0.013 -33"><span class='ocrx_word' id='word_1_310' title='bbox 116 4515 194 4578; x_wconf 91' lang='lat' dir='ltr'>teris</span> <span class='ocrx_word' id='word_1_311' title='bbox 220 4511 353 4598; x_wconf 88' lang='lat' dir='ltr'>plenam</span> <span class='ocrx_word' id='word_1_312' title='bbox 379 4517 414 4578; x_wconf 91' lang='lat' dir='ltr'>et</span> <span class='ocrx_word' id='word_1_313' title='bbox 438 4533 631 4602; x_wconf 86' lang='lat' dir='ltr'>expressam</span> <span class='ocrx_word' id='word_1_314' title='bbox 658 4515 857 4584; x_wconf 87' lang='lat' dir='ltr'>mentionem</span> <span class='ocrx_word' id='word_1_315' title='bbox 882 4513 972 4602; x_wconf 90' lang='lat' dir='ltr'>tieri,</span> <span class='ocrx_word' id='word_1_316' title='bbox 1000 4523 1033 4585; x_wconf 89' lang='lat' dir='ltr'>et</span> <span class='ocrx_word' id='word_1_317' title='bbox 1057 4539 1116 4605; x_wconf 93' lang='lat' dir='ltr'>per</span> <span class='ocrx_word' id='word_1_318' title='bbox 1141 4539 1239 4606; x_wconf 88' lang='lat' dir='ltr'>quam</span> 
     </span>
     <span class='ocr_line' id='line_1_39' title="bbox 117 4615 1239 4712; baseline 0.013 -26"><span class='ocrx_word' id='word_1_319' title='bbox 117 4615 255 4688; x_wconf 75' lang='lat' dir='ltr'>effectus</span> <span class='ocrx_word' id='word_1_320' title='bbox 272 4618 472 4706; x_wconf 86' lang='lat' dir='ltr'>presentium</span> <span class='ocrx_word' id='word_1_321' title='bbox 499 4621 651 4710; x_wconf 89' lang='lat' dir='ltr'>impediri</span> <span class='ocrx_word' id='word_1_322' title='bbox 666 4622 779 4690; x_wconf 86' lang='lat' dir='ltr'>valeat</span> <span class='ocrx_word' id='word_1_323' title='bbox 794 4623 849 4690; x_wconf 89' lang='lat' dir='ltr'>vel</span> <span class='ocrx_word' id='word_1_324' title='bbox 866 4620 991 4694; x_wconf 76' lang='lat' dir='ltr'>differri</span> <span class='ocrx_word' id='word_1_325' title='bbox 999 4675 1009 4712; x_wconf 94' lang='lat'>,</span> <span class='ocrx_word' id='word_1_326' title='bbox 1035 4634 1093 4694; x_wconf 89' lang='lat' dir='ltr'>aut</span> <span class='ocrx_word' id='word_1_327' title='bbox 1109 4626 1137 4695; x_wconf 92' lang='lat' dir='ltr'>si</span> <span class='ocrx_word' id='word_1_328' title='bbox 1154 4628 1239 4700; x_wconf 83' lang='lat' dir='ltr'>alias</span> 
     </span>
    </p>
   </div>
   <div class='ocr_carea' id='block_1_13' title="bbox 0 0 1630 5268">
    <p class='ocr_par' dir='ltr' id='par_1_13' title="bbox 0 0 1630 5268">
     <span class='ocr_line' id='line_1_40' title="bbox 0 0 1630 5268; baseline 0 2"><span class='ocrx_word' id='word_1_329' title='bbox 0 0 1630 5268; x_wconf 95' lang='lat' dir='ltr'> </span> 
     </span>
    </p>
   </div>
  </div>
 </body>
</html>
