3250 5268
654 355 724 428 16ss

120 545 247 614 bilibus
271 550 494 635 legationibus
518 552 679 634 visitaret,
706 555 825 620 scimus
851 554 1003 639 equidem
1025 555 1251 643 veracissime,

122 653 211 736 quod
227 654 292 724 hoc
305 675 365 741 per
381 661 491 726 omnia
507 656 621 750 forc(t)
637 667 780 746 gratum.

508 850 653 928 (Palucky
666 873 693 911 u.
707 873 733 913 ο.
746 855 812 912 282.
823 853 856 924 1.)

543 1144 813 1154 .-.-..-..---ι-

117 1873 320 1954 Xumquadu
329 1869 396 1938 oct
412 1871 560 1958 kirdlync
567 1875 756 1959 naqyctyjrit
768 1873 826 1938 IV.
840 1873 938 1938 Betot
953 1871 1079 1940 csalddo‘
1086 1873 1247 1964 jollitorol

116 2010 120 2020 ·
499 1981 627 2045 orientii.
645 1980 743 2045 1267.
769 1979 872 2048 tosti.

228 2176 301 2244 Etsi
315 2174 431 2261 procui
447 2195 561 2245 sumus
575 2195 597 2242 a
611 2177 753 2245 Vestrae
777 2176 975 2246 Dilectionis
999 2177 1107 2245 oculis
1132 2178 1249 2246 consti·

117 2287 221 2366 tutae,
238 2287 364 2353 excitat
379 2289 495 2356 cordis
507 2287 610 2354 nostri
626 2287 815 2355 memoriam
843 2289 986 2354 carnalis
1010 2285 1087 2355 idei
1113 2285 1246 2371 conjun-

8 2475 9 2482 x
116 2391 196 2476 ctio,
211 2394 308 2478 cujus
324 2415 421 2464 cursu
438 2396 668 2464 curritah'mus
684 2396 842 2478 quamdiu
857 2395 1019 2477 vivimus,
1045 2394 1169 2479 ignitas
1194 2411 1249 2462 ca·

8 2501 9 2576 j
116 2500 228 2568 uitatis
254 2501 407 2570 incendio
433 2504 657 2589 supradictae.
683 2503 744 2568 Est
768 2504 868 2587 igitur
892 2501 982 2571 cordi
998 2503 1093 2569 nobis
1119 2519 1250 2587 semper

8 2589 10 2702 i
114 2611 203 2674 scire
230 2607 273 2674 de
297 2611 406 2678 saluts
430 2618 543 2679 vestra
563 2619 599 2678 ct
624 2612 666 2678 de
683 2611 914 2698 temporalium
932 2609 1249 2678 circumstantiarum
1388 2627 1392 2636 ·

9 2711 10 2758 ἶ
117 2713 258 2798 siugulis
283 2723 318 2781 ct
341 2717 469 2786 utinam
493 2719 663 2806 prosperis
687 2719 908 2786 successibus.
936 2717 1166 2802 significantes
1184 2715 1245 2783 Vc·

9 2849 10 2910 p
117 2827 208 2888 strae
234 2823 429 2894 Paternitati
456 2829 489 2894 iu
514 2825 670 2912 gaudium
696 2827 768 2894 uice
785 2845 893 2912 uersa,
920 2826 1007 2910 quod
1022 2847 1084 2894 nos
1101 2845 1174 2892 cum
1190 2823 1248 2891 tlo-

9 2941 10 2966 ³
117 2929 205 2998 mino
231 2938 265 2996 ct
288 2933 407 3002 marito
430 2941 544 3004 nostro
567 2933 738 3002 carissimo
763 2954 803 3002 ac
818 2934 888 3002 filia
913 2943 1026 3002 nostra
1050 2932 1171 3000 dilecta
1186 2949 1248 3018 per·

9 3055 10 3060 ’
117 3037 180 3106 Dei
203 3039 348 3120 gratiam
374 3061 478 3112 sanae
493 3061 622 3127 sumus,
641 3043 702 3109 hoc
717 3044 825 3128 ipsum
841 3044 935 3110 uobis
952 3049 985 3109 et
999 3041 1131 3127 restris,
1146 3047 1245 3126 pater

120 3144 732 3239 ctdominc,pcromniacxoptantcs.

514 3345 656 3420 (Palncky
668 3363 696 3404 u.
710 3363 736 3402 o.
749 3344 811 3404 282.
824 3343 857 3416 L)
