3230 5268
6 1363 8 1410 l

6 1413 8 1458 l

648 927 721 996 m

131 1121 329 1209 Komqocdo
351 1124 419 1190 ooth
442 1123 588 1214 kirdlyoc'
609 1128 807 1214 coyyaoyy'dt
832 1126 962 1212 Μάνίάέ,
988 1127 1009 1192 1
1013 1125 1048 1194 V.
1068 1127 1246 1195 Belodzoo·

287 1233 356 1320 cycl
371 1231 496 1299 osolddc‘
509 1237 601 1322 ltqyci
616 1235 814 1301 tckictcte'bec
828 1233 967 1322 biztctjo.
984 1236 1082 1302 1270.

236 1430 433 1502 visitatione
457 1431 626 1502 literarum
651 1439 837 1504 vestrarum
862 1432 1066 1519 consolatae,
1092 1443 1196 1506 motor
1212 1443 1245 1508 et

6 1509 7 1538 ³
128 1539 280 1609 dominat
296 1541 330 1608 in
346 1543 463 1626 quibos
489 1543 710 1629 cognovimns,
728 1563 786 1612 vos
801 1543 886 1613 bene
911 1544 1022 1612 valore
1047 1551 1082 1612 et
1105 1564 1246 1637 congan-

128 1648 206 1718 dero
233 1649 331 1717 saluti
355 1657 489 1719 nostrae
513 1671 553 1718 ao
577 1651 665 1720 filiae
681 1659 815 1724 nostrae
831 1655 1033 1739 carissimae,
1050 1653 1168 1739 dignos
1185 1655 1247 1724 Vc·

127 1763 218 1826 strae
234 1758 410 1828 Dilectioni
425 1767 537 1845 gretes
554 1758 744 1846 relerimns;
771 1762 1046 1845 condolentesqnc
1060 1761 1198 1848 singulis
1214 1772 1247 1832 st

126 1867 289 1936 universis
305 1869 423 1938 vestris
439 1870 663 1956 incommodis,
681 1889 766 1954 qnae
783 1870 868 1938 siout
879 1869 1059 1938 mandastis
1070 1871 1175 1955 nobis,
1184 1891 1247 1962 pen

127 1975 251 2061 Regem
266 1979 312 2046 St
338 1979 580 2050 machinantem
604 1979 697 2046 vobis
723 1980 844 2048 malum
869 1977 1114 2061 quomodolibet
1136 1980 1246 2066 dispo·

126 2095 257 2168 ncntnr,
272 2109 338 2157 non
353 2088 550 2174 dubitamus,
566 2087 645 2172 quin
661 2107 787 2154 omnem
802 2106 896 2173 opem
913 2094 947 2160 et
961 2107 1095 2174 opernm
1110 2107 1182 2156 oum
1197 2087 1245 2156 di·

126 2195 276 2281 ligentia,
303 2197 474 2266 consilinm
491 2202 525 2264 et
535 2198 693 2282 juvamen
710 2195 898 2264 curabimus
915 2195 1083 2281 adhibere,
1099 2196 1183 2264 sient
1198 2203 1244 2264 te-

127 2325 241 2372 oemur
266 2325 308 2372 ex
332 2303 454 2390 debito,
479 2305 567 2373 eirea
592 2304 758 2374 dominnm
786 2310 820 2372 ot
835 2303 988 2370 maritum
1003 2310 1150 2372 nostrum
1166 2305 1245 2373 dilc-

127 2417 223 2496 ctnm,
251 2412 338 2496 qnod
354 2413 388 2482 in
411 2413 561 2484 omnibns
587 2413 681 2482 vobis
702 2413 862 2482 assistere
877 2411 998 2480 debeat
1012 2417 1081 2480 toto
1096 2431 1196 2498 posse
1211 2422 1245 2484 et

127 2520 247 2590 viribus
273 2523 362 2592 omni
386 2521 469 2590 vioe.
495 2523 537 2590 Et
559 2524 676 2592 iterum
701 2522 937 2610 supplicemus,
959 2527 995 2588 nt
1010 2521 1055 2588 ad
1069 2521 1244 2592 videndam

128 2629 330 2700 carissimam
345 2632 511 2702 dominam
529 2638 562 2698 et
576 2639 713 2701 matrem
729 2637 886 2717 nostram,
902 2629 937 2698 in
952 2629 1113 2700 veniendo
1130 2630 1241 2700 odnoo

128 2739 316 2822 quantocius
340 2740 498 2826 poteritis,
514 2761 617 2811 conse
641 2747 775 2812 nostroe
789 2737 979 2808 dilectionis
996 2736 1176 2824 dignemini
1194 2759 1243 2808 or·

128 2845 250 2919 linare.

375 3043 526 3119 (Palnoky,
546 3031 626 3103 liber
638 3043 869 3119 Formelbtloher,
889 3043 949 3102 288.
964 3042 995 3117 l.)
