3230 5268
662 367 729 440 249
993 397 1000 433 ι

135 567 235 637 iidem
250 570 344 655 paci,
370 566 594 637 convencione
618 587 678 637 scu
702 570 936 656 composicioni
959 589 1044 638 nuno
1068 569 1165 639 lactis
1194 593 1253 658 per

134 697 194 745 nos
210 684 245 746 et
259 683 389 745 nostros
403 677 549 747 Berones
565 677 768 747 adhibebunt
784 697 988 764 consensum,
1004 680 1251 749 connivonciam

134 793 168 852 et
191 787 447 872 opitulacionem
478 787 700 854 omnimodam
729 787 964 855 inviolabiliter
991 786 1250 876 observandam

135 915 175 963 oo
191 894 373 982 expressim
389 903 496 980 canto,
511 903 579 963 tam
604 898 637 960 in
661 895 779 964 litteris
802 897 903 983 Regis
928 897 1061 978 Sicilie,
1085 917 1184 984 qnam
1209 899 1251 966 H.

134 1002 239 1069 Ducis
255 1002 405 1070 Bawarie
429 1002 659 1088 predictorum,
675 1009 712 1070 nt
728 1005 756 1070 si
772 1023 831 1070 nos
847 1006 1151 1092 pacemeontingat,
1163 1007 1252 1091 quod

133 1110 234 1194 absit,
248 1109 429 1196 infringere
443 1111 498 1176 vel
514 1110 658 1195 turbare,
675 1131 717 1178 ex
732 1118 809 1178 tunc
824 1110 921 1178 iidem
944 1113 1015 1180 Res
1040 1119 1073 1180 et
1095 1115 1172 1182 Dux
1196 1137 1252 1183 no-

135 1219 186 1286 bis
199 1238 265 1284 non
281 1219 438 1285 assistent
453 1219 588 1300 auxilio,
606 1219 743 1287 consilio
758 1221 811 1287 vel
827 1218 950 1302 lavore,
976 1222 1037 1289 sed
1052 1241 1088 1288 se
1113 1243 1134 1290 a
1159 1224 1252 1294 nobis

135 1329 264 1414 penitus
280 1327 482 1412 separabunt
497 1349 505 1391 :
523 1329 592 1394 Rex
618 1334 724 1396 autem
750 1329 882 1397 Boemio
897 1330 959 1397 sub
975 1329 1090 1399 eadem
1105 1350 1165 1400 sou
1180 1351 1253 1400 con·

135 1434 234 1503 simili
250 1433 353 1501 forma
369 1435 465 1502 nobis
480 1434 554 1501 dari
570 1434 670 1502 faciet
686 1435 816 1503 litteras
842 1435 1085 1522 magnificorum
1110 1439 1251 1505 virorum

135 1543 257 1610 donnini
272 1543 406 1611 Hernici
420 1543 597 1610 Miscensis
613 1549 647 1611 et
662 1543 786 1611 domini
807 1541 936 1612 Ottonis
958 1545 1251 1632 Brandenburgen·

136 1654 181 1720 sis
196 1653 385 1721 Inclitorum
402 1653 636 1734 llarchionnm,
652 1661 862 1739 oognatorum
879 1665 911 1720 et
931 1656 1106 1723 amicornm
1122 1677 1252 1726 suorum

136 1764 197 1831 snb
214 1785 256 1832 ea
271 1765 388 1845 torma,
404 1771 439 1829 ut
455 1763 484 1832 si
500 1765 569 1831 Rex
584 1764 717 1833 Boomie
732 1763 858 1848 aliquid
883 1771 998 1832 contra
1022 1785 1140 1850 pacem
1165 1767 1252 1834 lece·

135 1874 178 1941 rit
193 1875 247 1940 vel
264 1872 472 1959 attemptarit,
488 1873 645 1940 violando
660 1891 719 1938 sen
735 1873 942 1959 infringendo
958 1875 1107 1960 eandem,
1133 1882 1252 1942 extunc

133 1983 234 2050 iidem
259 1981 466 2050 Marchiones
489 2003 511 2048 a
535 1982 694 2050 societate
719 1987 753 2048 et
777 1981 927 2048 amicicia
951 1983 1050 2067 Regis
1066 1984 1200 2052 Boemie
1216 2001 1253 2050 sc

133 2093 262 2180 penitus
279 2088 496 2174 retrahentes,
512 2087 620 2156 eidem
635 2095 749 2156 contra
764 2108 825 2156 nos
850 2107 916 2157 non
931 2090 1163 2175 impercientnr
1178 2109 1251 2158 con·

134 2200 252 2285 silium,
268 2199 429 2265 auxilium
444 2205 478 2264 et
500 2197 658 2277 favorem,
684 2205 717 2263 et
741 2198 805 2264 hoc
830 2199 1013 2283 expressim
1039 2199 1253 2266 continebitur

133 2309 167 2372 in
183 2306 360 2376 eorundem
384 2305 607 2373 Marchionnm
631 2306 821 2392 patentibus
843 2305 970 2390 litteris,
998 2306 1119 2391 sigillis
1142 2327 1252 2376 eornm

136 2419 311 2487 autenticis
326 2417 543 2504 pendentibus
560 2417 774 2500 consignatis,
789 2435 862 2501 quc,
878 2426 912 2484 ut
933 2417 1055 2484 dictnm
1079 2416 1252 2500 ostialia

133 2529 304 2594 terminum
318 2546 378 2611 per
393 2527 516 2594 dictum
539 2528 661 2611 Regem
677 2526 810 2594 Bocmie
825 2531 860 2592 et
874 2545 934 2592 nos
951 2524 1183 2592 moderandum
1198 2543 1253 2590 no

135 2635 184 2702 bis
211 2633 331 2702 debent
354 2633 527 2716 assignari.
554 2635 705 2702 Ceterum
731 2633 811 2717 quia
828 2634 970 2717 quodam
987 2639 1100 2702 castra
1113 2634 1201 2700 intra
1215 2631 1252 2698 li·

134 2743 225 2810 mites
239 2741 344 2828 Regni
369 2742 472 2811 nostri
497 2742 682 2825 constituta,
709 2761 844 2827 quorum
866 2743 1049 2829 principale
1073 2742 1251 2810 dominium

134 2851 178 2920 ad
193 2869 255 2921 nos
270 2851 422 2937 pertinet,
438 2850 552 2934 Kuneg
566 2849 732 2935 videlicet,
749 2849 790 2917 de
805 2851 916 2918 Monte
941 2851 1056 2919 Sancti
1080 2850 1157 2932 Viti,
1183 2851 1252 2918 Slo-

132 2959 222 3045 mule,
238 2959 384 3044 Perstan,
401 2958 442 3025 ds
458 2957 596 3026 (ibertus
611 2978 652 3024 ac
667 2963 777 3026 casua
792 2957 948 3025 Farkcsii
963 2958 1006 3025 de
1021 2957 1172 3044 Zagnrie,
1190 2975 1253 3040 qus

130 3067 304 3152 Henrious,
315 3072 348 3133 et
359 3064 654 3151 duooestraStego
672 3071 802 3150 vocata,
821 3063 1252 3148 queJolrannesfiliuseins·

131 3175 205 3244 dem
222 3175 368 3260 chrioi,
384 3193 425 3242 ao
442 3179 584 3241 castrum
600 3173 725 3258 Dobra,
744 3171 834 3257 qnod
848 3175 1007 3244 Nicolaus
1018 3181 1051 3242 et
1066 3174 1251 3259 Stephanus

130 3284 189 3350 tilii
204 3283 310 3369 Pauli,
325 3291 358 3349 et
382 3288 527 3350 castrum
541 3283 622 3348 Row
638 3291 800 3366 vocatum,
817 3285 902 3364 quod
916 3281 1028 3350 Moroh
1056 3279 1142 3349 tilius
1167 3281 1251 3350 Gia-

132 3413 203 3478 nur,
219 3392 276 3476 qui
292 3412 313 3459 a
327 3391 423 3460 nobis
438 3391 681 3475 transfugeutss
706 3409 743 3458 se
767 3389 811 3456 ad
826 3392 949 3475 Regem
966 3391 1100 3458 Boemie
1113 3395 1252 3458 munstu-

131 3505 251 3583 lerunt,
268 3499 415 3568 detinent
430 3505 605 3585 occupata,
619 3500 712 3568 iuxta
736 3498 981 3566 ordinacionem
1006 3500 1172 3568 Baronum
1196 3519 1251 3566 nc-

131 3615 272 3678 strorum
288 3615 321 3676 et
335 3607 440 3696 ipsius
455 3607 555 3694 Regis
570 3609 703 3678 Boemie
718 3608 943 3694 recuperanda
962 3616 996 3675 et
1020 3607 1183 3693 habenda,
1209 3607 1250 3674 de

134 3737 195 3788 sus
210 3718 297 3786 bona
312 3719 482 3785 voluntate
497 3717 640 3786 deseruit
654 3718 724 3786 Rex
739 3716 927 3803 predictus,
946 3713 1121 3784 adiciendo
1148 3721 1181 3783 et
1196 3736 1252 3782 sx-

134 3845 247 3912 presse
263 3827 419 3912 cavendo,
435 3825 522 3910 qnod
538 3827 725 3895 detentores
741 3824 958 3913 predictorum
975 3845 1038 3892 nec
1061 3844 1120 3911 per
1144 3823 1252 3892 Theo·

135 3935 271 4022 tonioos,
285 3955 348 4004 noo
361 3955 422 4023 per
435 3936 598 4006 Bohemos
613 3935 698 4005 idem
715 3936 863 4004 dominus
878 3934 950 4002 Rex
966 3934 1100 4002 Boemis
1124 3932 1253 4001 iuvabit

134 4045 188 4113 rel
201 4046 317 4114 iuvare
330 4048 497 4133 permittet
513 4047 624 4132 palam
639 4047 693 4114 sel
709 4045 847 4130 ooomte,
863 4051 898 4112 et
906 4040 1099 4111 nominatim
1114 4060 1180 4110 non
1194 4059 1251 4130 pe·

134 4153 232 4222 tietnr
254 4173 312 4222 eos
338 4155 442 4224 iuvari
468 4169 580 4223 contra
604 4176 664 4224 nos
688 4157 721 4224 in
746 4155 830 4244 ipsis
855 4154 975 4223 castris
992 4148 1178 4221 detinendis
1193 4168 1253 4236 per

135 4263 295 4349 homines,
311 4283 394 4347 quos
408 4264 498 4350 ipsis,
514 4265 655 4333 Henrico
670 4263 795 4332 scilieet
810 4267 844 4330 ot
858 4261 1003 4330 Jolranni
1019 4259 1088 4328 lilio
1098 4255 1251 4342 eiusdem,

134 4371 274 4441 Nicolao
289 4377 324 4443 et
338 4374 504 4460 Stephano
517 4372 594 4443 filiis
609 4371 714 4460 Pauli,
731 4371 908 4441 mosontio
931 4369 999 4439 filio
1015 4368 1104 4438 Petri
1118 4383 1252 4435 oonces·

137 4485 190 4565 sit,
222 4487 443 4569 postquamse
467 4484 597 4551 anobis
613 4481 656 4550 ad
672 4485 778 4568 ipsum
794 4483 919 4568 Regem
934 4479 1066 4547 Boerme
1083 4497 1154 4546 cnm
1169 4476 1252 4562 ipsis

137 4591 255 4660 castris
278 4590 530 4676 transtulerunt3
546 4589 763 4676 promittendo
789 4587 924 4656 firmiter
948 4587 1040 4653 iuxta
1064 4584 1251 4687 eorundem,

131 4699 297 4770 monum
315 4699 568 4784 ordinacionem,
586 4695 728 4788 quoodo
744 4693 1251 4788 RegisBcemieeestrisnnllurr
