3230 5268
598 379 754 486 *aaa*

114 584 159 652 ln
184 583 279 668 cujus
306 584 353 651 rei
378 582 564 650 memoriam
590 581 838 669 firmitatemque
866 586 1056 668 perpetuam
1074 584 1243 666 presentes

118 693 344 762 concessimus
370 695 501 762 litteras
522 693 664 780 duplicis
680 692 783 779 sigilli
798 691 904 761 nostri
919 689 1096 759 munimine
1111 687 1244 757 robora·

117 808 181 870 tas.
208 802 329 870 Datum
353 821 412 888 per
436 820 553 874 manus
568 801 721 888 magistri
737 799 910 868 Benedicti
925 797 1117 868 orodiensis
1133 797 1244 865 Eccle-

116 909 355 995 siePrepositi,
366 910 441 978 aule
457 915 569 979 nostre
585 906 882 981 vicecancellarii
897 907 1009 976 dilecti
1024 904 1173 976 etlidelis
1189 923 1244 972 no·

117 1017 190 1103 stri,
201 1039 287 1087 auno
299 1017 431 1086 Domini
446 1019 513 1086 lt·
528 1018 613 1088 (lc-⁰
628 1018 887 1108 septuagesimo,
903 1022 997 1086 sexto
1012 1015 1091 1084 Idus
1106 1015 1243 1083 Nouem-

117 1126 200 1213 bris,
216 1126 319 1210 Regni
335 1131 445 1194 autem
460 1128 564 1195 nostri
580 1146 667 1196 auno
682 1127 796 1215 primo.

295 1319 443 1392 (Eredetie
455 1338 473 1378 a
485 1339 525 1380 aa.
539 1321 663 1382 mdrtoni
677 1319 833 1395 ldapdlsdg
851 1259 1073 1390 lcvdltdrllrau.)
1091 1267 1093 1272 ι

560 1617 805 1633 §.m-..ffl-

120 2351 139 2414 Ι
146 2349 182 2416 V.
208 2351 317 2414 latoria
342 2347 450 2438 kirtly
466 2373 488 2414 o
503 2350 741 2417 boranoooos·
757 2349 962 2438 npdtsdpaok
978 2349 1208 2436 cdoordrryozao
1225 2372 1246 2413 o

315 2459 549 2545 soprocmappai
563 2457 686 2524 tiacdele
701 2457 930 2524 luemcontr-
949 2459 1045 2521 1270.

225 2657 294 2724 Nos
319 2657 509 2742 Stephanus
534 2657 597 2722 Dei
631 2657 745 2743 prada
770 2658 840 2726 Rex
862 2655 1006 2744 Vugarie
1023 2653 1245 2742 siquificomus

119 2771 234 2833 tenore
259 2767 463 2854 presencium
488 2766 664 2852 uniuersis,
692 2766 783 2852 quod
807 2767 840 2833 iu
856 2767 1038 2854 largicione
1053 2764 1245 2834 elemosina·
1320 2795 1321 2800 ,

120 2895 190 2941 rum
207 2881 378 2962 sperantes
395 2876 535 2943 salutem
560 2875 751 2942 animarum
767 2879 801 2942 et
815 2875 991 2960 Bcgiminis
1007 2875 1109 2941 nostri
1126 2881 1246 2942 statum

119 2984 291 3069 pacificum
308 2985 494 3070 promereri,
510 3003 583 3054 cum
598 3005 663 3053 non
679 2985 784 3053 solnm
799 3004 901 3070 arma,
916 3003 1026 3051 rernm
1044 2985 1148 3052 eciam
1173 3004 1245 3070 pre·

121 3111 177 3162 ces
194 3093 249 3179 pie
264 3094 448 3162 vincncinm
473 3099 626 3164 tueantur
646 3098 793 3180 Regnum
811 3101 844 3162 et
858 3093 994 3179 Regium
1010 3091 1183 3178 Diadema,
1198 3101 1247 3162 to·

123 3207 190 3269 tam
216 3202 408 3272 vicesimam
438 3203 639 3273 decimarum
666 3210 734 3272 tam
761 3207 795 3272 in
811 3205 919 3286 blado,
935 3223 1031 3288 quam
1047 3202 1080 3269 in
1095 3201 1172 3270 uino
1188 3223 1245 3288 per

126 3317 228 3379 totum
255 3313 454 3382 comitatum
470 3297 727 3401 snpruniensem‘
755 3313 950 3383 contulimus
966 3313 1164 3381 llonasterio
1181 3312 1245 3380 lra-

121 3425 206 3486 trnm
233 3420 367 3490 Ordinis
383 3421 622 3506 cysterciensis
639 3421 680 3488 dc
705 3422 816 3488 llonte
832 3423 954 3490 Sancte
968 3420 1072 3488 llarie
1087 3426 1246 3506 perpetuo

123 3533 158 3594 et
174 3528 312 3612 pacifice
336 3525 587 3616 possidendam,
602 3535 635 3596 et
650 3529 713 3598 hoc
730 3529 838 3597 eidem
854 3526 1054 3597 llonasterio
1071 3534 1183 3595 nostro
1198 3527 1245 3596 la-

127 3637 253 3704 ciemus
269 3636 440 3725 priniloglo
458 3637 648 3723 confirmari,
669 3655 739 3704 cum
753 3645 925 3724 presentes
936 3637 1244 3725 luerintreportate.

121 3743 243 3812 Datum
269 3745 395 3836 laurici
422 3747 533 3832 quinto
558 3746 613 3814 dic
640 3752 716 3832 post
740 3745 858 3815 festum
886 3743 1037 3814 Omnium
1053 3746 1245 3815 Sanctorum

123 3872 213 3921 anno
229 3853 363 3922 Domini
378 3854 429 3922 w
444 3853 514 3924 00⁰
530 3853 660 3922 Lxx-⁰.
987 3859 990 3870 '

228 4050 287 4124 (Aa
301 4051 414 4110 arsdeti
427 4052 507 4112 utdu.
519 4051 555 4109 V·
569 4057 595 4109 ὃ.
608 4050 697 4126 Feje'r
709 4051 779 4110 Cod.
793 4051 871 4126 Dipl.
883 4050 920 4124 V,
931 4049 961 4108 k.
973 4049 996 4108 Ι,
1009 4067 1031 4108 r.
1043 4049 1088 4106 40.
1100 4048 1132 4122 l.)
