3250 5268
814 289 979 396 ...ffi-

330 496 381 557 tes
398 486 547 556 dedimus
574 486 702 552 litteras
720 483 826 571 sigilli
842 486 947 552 nostri
963 485 1106 572 duplicis
1129 485 1307 552 munimine
1322 485 1464 554 robora-

339 603 402 663 tes.
428 591 550 660 Detnm
579 612 667 660 anno
692 591 736 658 ab
762 592 995 661 incarnacione
1020 589 1155 660 Domini
1184 591 1318 678 meos,
1342 589 1466 660 Idibus

333 703 368 770 M
374 702 468 786 ercii,
479 701 587 784 Regni
602 707 711 769 cumn
723 702 828 770 nostri
844 720 930 770 enno
948 701 1040 768 lto.

336 896 393 970 (Aa
408 894 517 954 eredeti
527 893 597 954 etun
608 917 616 968 3
629 894 744 953 Horruit
756 894 858 954 Istvdn
871 893 1074 966 keniretaibdl,
1084 894 1115 951 ki
1129 912 1199 952 eren
1214 891 1332 966 omdnyt
1346 895 1466 951 lece-ra

337 987 421 1044 tesri.
430 987 472 1043 Mi
485 999 520 1042 au
533 985 645 1044 uteo-ki
656 985 724 1045 dvet
733 985 1047 1149 helygfflffluk
1058 985 1091 1042 L.
1105 983 1349 1059 Okmdnytdrunk
1361 983 1397 1040 11.
1410 983 1466 1074 kd-

767 1316 1028 1330 *—

875 1859 937 1930 92.

344 2029 456 2092 quen
471 2023 575 2112 &jobd
591 2025 701 2112 cisely
716 2025 888 2111 dekesadyet
903 2025 956 2090 ket
972 2025 1032 2090 IV.
1054 2025 1139 2090 Belo
1153 2022 1340 2110 tifilylyal.
1368 2024 1472 2086 1266.

449 2219 519 2286 Nos
536 2219 726 2306 Stephanus
756 2219 820 2288 Dei
835 2222 950 2305 grecia
969 2221 1082 2307 junior
1106 2223 1176 2288 Rex
1199 2219 1366 2306 Ungarie,
1393 2221 1472 2287 Dux

343 2326 594 2411 Transilranns,
612 2329 773 2396 Dominus
801 2329 1029 2420 cumanorum,
1046 2329 1279 2394 innotescimus
1304 2327 1472 2395 uniuersis

344 2435 553 2519 presencium
578 2453 638 2520 per
663 2443 827 2518 tenorem,
865 2435 950 2518 quod
975 2457 1036 2504 nos
1063 2435 1271 2521 promisimus
1297 2435 1472 2501 carissimo

343 2541 431 2626 petri
447 2547 569 2626 nostro,
587 2541 669 2608 Belo
684 2543 746 2610 Dei
764 2544 880 2628 gracia
895 2542 1020 2611 illustri
1037 2543 1119 2625 Regi
1140 2539 1297 2626 Ungarie,
1314 2540 1473 2608 exhibere

345 2649 380 2715 iu
397 2649 545 2716 omnibus
556 2651 778 2718 reverenciam
791 2657 825 2718 et
835 2651 1065 2718 obedienciam
1076 2649 1222 2716 filialem.
1239 2649 1330 2716 Idem
1342 2666 1473 2731 qnoque

345 2755 498 2824 dominus
513 2755 595 2840 Rex,
614 2757 801 2824 carissimus
812 2765 909 2844 poter
924 2765 1046 2842 noster,
1063 2758 1189 2843 recepit
1200 2775 1259 2824 nos
1275 2756 1320 2823 ad
1336 2757 1473 2844 plenam

348 2859 563 2930 dilecciouem
580 2883 673 2930 suam
699 2872 871 2949 paternam
888 2873 922 2933 et
940 2885 1085 2933 amorem
1102 2867 1279 2948 sincerum,
1296 2882 1359 2946 quo
1376 2871 1474 2950 peter

348 2969 518 3036 consuevit
542 2971 697 3039 dilectum
713 2971 815 3038 lilium
840 2972 1032 3059 amplexari.
1056 2959 1171 3038 Preion
1190 2971 1251 3039 ille
1265 2972 1383 3056 igitur,
1408 2991 1475 3055 que

347 3077 499 3164 primitus
515 3079 676 3146 internos
692 3086 726 3147 et
741 3081 848 3167 ipsum
864 3087 993 3167 patrem
1005 3085 1149 3147 nostrum
1167 3079 1372 3146 carissimum
1388 3078 1473 3146 ordi-

347 3189 438 3269 nata,
455 3189 580 3252 statuta
595 3204 653 3253 seu
679 3189 827 3256 stabilita
843 3197 936 3275 sunt,
962 3189 1255 3274 impresencisrum
1283 3187 1474 3254 ordinamus

348 3297 459 3358 mutuo
475 3311 638 3361 consensu
654 3303 688 3362 et
712 3298 875 3366 communi
891 3299 1079 3380 voluntate,
1106 3295 1194 3379 quod
1210 3313 1324 3362 omnes
1350 3313 1475 3362 causes

348 3405 418 3466 tam
434 3401 561 3484 civiles,
579 3423 677 3485 quam
694 3405 900 3482 criminales,
916 3425 1000 3490 quus
1016 3405 1166 3472 homines
1183 3406 1226 3472 ed
1242 3423 1303 3470 nos
1320 3407 1474 3488 specten-

349 3516 400 3576 tes
416 3508 603 3576 hominibus
621 3511 745 3580 domini
770 3512 893 3600 Regis,
919 3514 1079 3580 carissimi
1095 3511 1199 3598 patris
1216 3513 1339 3595 nostri,
1364 3529 1475 3579 more·

348 3617 423 3702 rint,
440 3617 494 3683 rel
511 3615 660 3686 homines
676 3619 720 3686 ad
736 3621 844 3706 ipsum
868 3622 990 3706 Regem
1006 3627 1135 3706 patrem
1160 3626 1307 3688 nostrum
1323 3624 1475 3702 spectan-

350 3727 402 3790 tes
418 3724 579 3790 moverint
596 3734 710 3795 contra
726 3735 876 3813 nostros,
893 3746 953 3795 nos
969 3727 1053 3813 ipsi,
1070 3735 1103 3792 et
1118 3747 1184 3794 nou
1200 3726 1258 3793 elii
1269 3723 1401 3811 judices
1418 3745 1473 3790 no-

351 3833 429 3916 emi,
459 3841 516 3899 aut
540 3833 707 3922 Berones,
734 3857 966 3924 cognoscemus
983 3844 1017 3903 et
1036 3833 1279 3922 Jndioabimns‚
1304 3831 1476 3902 assidente

352 3939 446 4008 nobis
463 3941 595 4011 Berune
611 3943 758 4013 eiusdem
774 3947 879 4031 patris
896 3947 1012 4030 nostri,
1028 3963 1126 4029 quem
1142 3943 1265 4011 adhoc
1281 3943 1477 4030 specialiter

353 4046 483 4113 duxerit
506 4047 739 4136 deputandum.
764 4053 922 4120 Similiter
938 4057 1047 4119 autem
1072 4051 1158 4118 idem
1178 4053 1259 4128 Rex,
1285 4049 1477 4118 carissimus

351 4159 582 4243 paternoster,
600 4179 715 4228 omnes
732 4179 852 4228 causas
876 4167 945 4227 tam
971 4159 1159 4227 criminales
1185 4178 1282 4241 quem
1309 4159 1425 4226 civiles
1441 4159 1476 4225 in

353 4279 414 4329 suo
431 4262 547 4351 Regno
564 4276 781 4355 emergentes,
798 4289 862 4354 que
873 4271 926 4336 rel
942 4263 1144 4335 hominesad
1159 4269 1266 4354 ipsum
1284 4271 1476 4349 spectantes

352 4371 514 4439 moverint
529 4383 643 4444 contra
658 4385 810 4464 nostros,
836 4376 889 4447 vel
906 4394 1083 4444 econverso
1099 4375 1205 4441 nostri
1224 4373 1386 4442 moverint
1402 4391 1477 4440 con·

354 4495 406 4553 tra
422 4497 509 4564 euos,
526 4485 599 4572 ipse
615 4487 703 4554 idem
729 4477 879 4556 dominus
896 4487 967 4552 Rex
983 4491 1078 4570 pater
1094 4489 1205 4550 noster
1228 4487 1425 4568 cognoscet,
1443 4485 1478 4548 et

355 4587 513 4664 iudicabit
521 4645 531 4679 ,
549 4601 581 4662 ct
595 4615 659 4664 non
676 4594 734 4662 alii
750 4596 801 4662 sni
814 4593 946 4680 judices
962 4595 1018 4660 vel
1033 4591 1200 4673 Berones,
1226 4588 1395 4658 assidente
1410 4587 1475 4658 sibi
