3250 5268
372 1195 433 1262 IV.
451 1195 559 1262 Orddrc
572 1199 662 1286 pulpa
677 1219 697 1260 c
712 1197 834 1282 rryitrce'
843 1195 1027 1281 pupodrcelr
1041 1193 1236 1280 mepbapyja,
1252 1193 1329 1278 luopy
1337 1191 1502 1279 ledplctrrja

407 1303 521 1370 siccus
535 1307 681 1370 mdmdra
697 1305 827 1390 eyybdai
834 1301 1075 1389 jaeaualomrd
1089 1301 1334 1388 peudosleodjdlr.
1361 1301 1464 1364 1264.

478 1481 631 1567 Urbanus
648 1500 835 1585 Episcopus
852 1506 914 1568 etc.
940 1498 1122 1566 venerabili
1139 1497 1233 1565 fratri
1250 1546 1257 1564 .
1276 1547 1285 1563 .
1303 1547 1310 1562 .
1328 1497 1501 1584 Episcopo

371 1605 529 1675 Nitriensi
545 1608 685 1674 salutem
702 1617 765 1672 etc.
792 1608 981 1692 Apostolice
997 1607 1212 1690 benignitatis
1230 1605 1381 1673 affectum
1395 1605 1499 1690 potis-

371 1716 452 1782 sime
468 1717 556 1784 circa
573 1715 647 1786 illos
665 1717 822 1784 debemus
848 1734 1026 1801 exponere,
1043 1715 1220 1800 dequibus
1247 1712 1415 1780 evidentie
1431 1712 1501 1778 cla-

370 1824 452 1890 ritas
469 1821 584 1907 innuit,
599 1823 686 1907 qnod
711 1824 779 1888 sint
803 1823 893 1904 digni
913 1821 1052 1908 speciali
1067 1821 1177 1904 gratia
1194 1819 1375 1888 ethonore.
1409 1820 1503 1887 Sanc

370 1929 509 1998 dilectus
524 1929 610 1998 filius
626 1931 784 2013 magister
801 1929 918 2012 sistus,
935 1927 1138 2014 Oupellanus
1155 1933 1278 2009 noster,
1296 1925 1500 1994 scolasticus

370 2037 614 2122 strigoniensis,
632 2037 769 2104 clericus
786 2043 818 2103 et
832 2036 969 2103 nuncius
992 2035 1152 2104 carissimi
1168 2035 1201 2100 in
1218 2033 1350 2100 Christo
1367 2033 1426 2099 lilii
1445 2051 1503 2099 nc

369 2142 429 2210 stri
443 2139 553 2229 B(ele)
569 2142 713 2230 Ungarie
729 2144 831 2228 Regis
846 2143 1001 2222 illustris,
1026 2162 1151 2210 morum
1167 2150 1200 2210 et
1216 2143 1354 2208 scientie
1369 2139 1502 2206 meritis

369 2251 476 2318 iuvari
491 2251 683 2336 dinoscitur,
707 2263 742 2318 ut
766 2273 787 2318 a
812 2253 907 2318 nobis
923 2251 1073 2335 gratiosa
1091 2249 1315 2318 benivolentia
1331 2245 1497 2314 foveatur.

369 2357 447 2424 Ourn
463 2358 576 2444 itaque
600 2359 688 2427 idam
704 2359 907 2444 (lapellanus
930 2356 1252 2442 Arebidiuconatum,
1270 2374 1366 2440 quem
1384 2356 1417 2420 in
1436 2354 1500 2420 Eo·

369 2464 472 2532 clesia
496 2467 662 2536 Jauriensi
686 2464 824 2552 pacifice
850 2483 887 2534 se
912 2465 1062 2534 obtinerc
1086 2465 1258 2551 proponit,
1285 2463 1384 2546 velit,
1412 2461 1501 2527 sicut

368 2572 506 2649 amerit,
532 2573 635 2640 libere
660 2577 848 2659 resignare,
878 2593 939 2642 nos
964 2574 995 2640 ei
1016 2573 1153 2641 obtentu
1168 2569 1289 2658 prelati
1305 2569 1418 2654 Regis,
1435 2587 1502 2636 nec

367 2697 430 2744 non
447 2680 604 2746 dictorum
622 2683 809 2748 meritorum
826 2681 954 2757 intuitu,
970 2682 1120 2748 volentes
1134 2680 1278 2765 gratiam
1295 2677 1406 2744 iacere
1423 2695 1502 2762 spc-

368 2783 497 2871 cialem,
514 2786 713 2854 fraternitati
722 2797 779 2854 tue
789 2787 995 2872 mandemus,
1012 2793 1172 2872 quotenus
1189 2787 1295 2854 eidem
1312 2785 1500 2871 capellano

368 2891 401 2956 in
418 2893 643 2977 Zagrabieusi,
660 2895 713 2961 vel
738 2895 851 2979 aliqua
876 2893 1079 2981 Oatbedrali,
1095 2901 1153 2962 aut
1167 2894 1236 2960 alia
1253 2893 1406 2960 Ecclesia
1421 2911 1499 2977 pro-

368 2999 476 3068 vincie
492 2999 746 3084 strigoniensis,
773 3003 814 3068 dc
840 3008 1018 3088 personatu
1042 3004 1098 3070 rel
1122 3000 1287 3086 dignitate
1313 3020 1388 3068 cum
1406 3019 1500 3079 cora,

369 3105 422 3172 vel
438 3107 509 3174 sine
526 3128 615 3190 cura,
633 3117 667 3176 ct
683 3110 782 3177 etiam
799 3109 840 3176 de
872 3110 1061 3195 prebenda,
1087 3112 1117 3178 si
1132 3118 1256 3178 vacant
1273 3112 1318 3178 sd
1348 3127 1500 3195 presens,

366 3213 420 3278 vel
451 3233 548 3298 quom
574 3216 700 3282 citone
727 3217 869 3284 facultas
895 3219 1056 3296 obtulerit,
1077 3220 1274 3286 auctoritate
1293 3224 1412 3286 nostro
1435 3235 1498 3302 per

364 3326 409 3402 te,
427 3322 481 3388 uel
495 3342 555 3407 per
570 3321 669 3388 alium
686 3323 858 3410 providere
875 3345 1049 3409 procures,
1072 3327 1200 3393 faciens
1216 3345 1291 3392 eum
1319 3326 1353 3391 iu
1380 3325 1499 3392 Eccle-

365 3424 434 3506 sia,
461 3428 495 3492 in
510 3447 578 3510 qua
605 3431 636 3494 ei
662 3429 796 3496 duxeris
823 3431 1080 3518 providendum,
1111 3433 1145 3498 in
1173 3432 1370 3498 canonicum
1392 3431 1501 3516 recipi

365 3533 445 3598 etin
464 3533 609 3613 fratrem,
626 3554 691 3602 non
707 3537 861 3604 obstante
877 3545 1001 3605 statuto
1013 3537 1054 3605 de
1071 3545 1160 3606 corto
1177 3540 1414 3606 canonicorum
1438 3556 1501 3602 nu·

364 3657 464 3716 mero,
480 3639 661 3709 iuramento
679 3643 730 3709 vel
748 3644 991 3712 confirmatione
1002 3647 1207 3731 Apostolica,
1224 3665 1284 3713 scu
1299 3665 1501 3730 quacunque

363 3741 518 3812 firmitate
533 3747 667 3832 vallato,
692 3749 747 3816 vel
773 3752 802 3818 si
827 3743 887 3838 pr'o
906 3754 984 3820 aliis
1000 3754 1124 3821 ibidem
1141 3755 1267 3840 scripta
1282 3764 1397 3822 nostra
1413 3753 1499 3820 dirc-

363 3846 484 3928 ximus,
506 3851 624 3933 quibus
653 3857 849 3922 auctoritate
874 3861 1077 3944 presentium
1102 3862 1255 3928 nolumus
1280 3860 1498 3948 preiudicinm

362 3960 524 4040 generari,
541 3978 600 4025 seu
610 3963 698 4043 quod
707 3962 795 4029 idem
807 3965 1009 4050 Capelianus
1025 3969 1113 4036 alias
1128 3967 1348 4037 beneficiatus
1365 3968 1498 4052 existit;

364 4059 417 4134 vel
434 4060 463 4125 si
478 4062 642 4145 aliquibus
669 4073 881 4139 communiter
905 4073 959 4140 vel
986 4075 1118 4142 divisim
1144 4097 1166 4142 a
1191 4077 1280 4144 Sede
1296 4077 1499 4164 Apostolica

362 4161 408 4282 sit
424 4165 596 4283 indultum,
613 4174 701 4256 quod
725 4176 771 4242 ad
795 4181 1018 4266 receptionem
1036 4184 1090 4249 uel
1106 4185 1333 4268 provisionem
1349 4184 1498 4253 alicuius

363 4285 494 4384 mmrmc
510 4279 694 4362 teneantur,
718 4283 868 4367 quodque
892 4287 934 4352 ad
960 4287 994 4354 id
1009 4293 1173 4375 compelli,
1191 4293 1244 4359 uel
1261 4292 1423 4377 suspendi
1438 4303 1499 4361 aut

364 4374 513 4440 interdici
538 4399 596 4446 seu
621 4391 892 4458 excommunicari
915 4413 981 4461 non
1005 4397 1144 4479 possint,
1173 4407 1208 4464 et
1233 4400 1322 4482 quod
1348 4403 1499 4470 aliosde

364 4483 601 4588 personatibus,
628 4491 853 4580 dignitatibus,
879 4499 1056 4584 prebendis
1081 4509 1116 4568 et
1139 4501 1313 4574 beneflciis
1330 4509 1376 4577 ad
1393 4511 1498 4578 eolla·

364 4581 484 4645 tronem
500 4589 553 4651 uel
568 4593 760 4666 elesionen
777 4621 888 4672 eorum
904 4609 1140 4695 spectantibus,
1165 4622 1312 4696 nequeat
1326 4617 1498 4705 aliquibus
