3230 5268
656 973 727 1042 MS.

140 1172 197 1238 IV.
214 1171 295 1240 Boua
310 1173 416 1260 kirdly
431 1174 608 1263 adomdnyo
633 1197 653 1238 u
672 1173 866 1263 dunoraigeta'
889 1175 1012 1264 Boldop
1036 1175 1173 1266 Anaony
1198 1180 1249 1246 ko·

489 1283 605 1358 leuiora
629 1285 900 1351 enumerante.
1020 1329 1022 1334 -

244 1483 327 1550 Bela
341 1481 404 1548 Dei
430 1481 544 1568 graoia
569 1480 639 1548 Rex
664 1481 832 1566 Hungarie
857 1489 919 1550 eto.
943 1482 1102 1551 vniuersis
1127 1481 1248 1554 Christi

22 1653 29 1665 ,
139 1589 291 1659 fidelibus
315 1588 517 1676 presencium
544 1589 738 1676 inspecturis
764 1591 900 1660 salutem
926 1592 958 1656 in
975 1591 1117 1659 omnium
1133 1593 1247 1662 Saloa-

139 1708 220 1769 tore.
237 1701 291 1768 to
306 1703 525 1766 rniuersorom
540 1698 692 1765 noticiam
709 1699 824 1766 harum
849 1700 934 1767 serie
959 1701 1107 1767 volumus
1131 1721 1247 1786 perue-

137 1811 218 1893 nire,
244 1808 330 1892 quod
347 1827 419 1875 oum
434 1826 492 1875 nos
516 1807 559 1875 ad
583 1808 797 1892 provisionem
824 1815 857 1875 et
872 1807 1043 1874 utilitatem
1058 1808 1248 1880 Monasterii

136 1919 285 1987 Euolesie
309 1918 410 1986 Beate
435 1917 576 2002 Virginis
599 1919 641 1984 de
666 1917 778 1985 Insula
803 1918 904 2002 Regio
920 1936 990 1984 oum
1007 1919 1118 1988 fauore
1134 1919 1247 2006 inuigi-

136 2030 206 2096 lare
222 2027 371 2107 velimus,
387 2023 550 2112 quandam
569 2037 685 2094 terram
702 2027 827 2095 nomine
843 2026 988 2114 vjsoeh
1004 2034 1164 2115 rooataro,
1174 2037 1246 2097 o'um

137 2137 268 2222 palacio
285 2154 392 2220 super
406 2133 522 2200 eadem
549 2134 710 2218 existenti,
735 2134 821 2202 dioto
846 2135 1044 2204 Monasterio
1070 2135 1112 2206 de
1135 2136 1246 2205 Insula

139 2246 291 2312 duximus
309 2240 550 2310 conferendam.
569 2243 636 2312 Sed
653 2242 787 2326 quiade
803 2245 907 2329 ipsius
928 2251 1012 2310 terre
1037 2245 1195 2329 qualitate
1212 2253 1245 2313 et

141 2353 323 2440 quantitate
340 2351 382 2417 ad
396 2352 527 2445 plenum
539 2351 633 2419 nobis
649 2371 711 2419 non
728 2351 908 2436 oonstabat,
918 2353 1246 2422 misimusaddiotam

138 2471 255 2531 terram
271 2459 476 2547 Propositum
492 2459 686 2545 Budensem,
702 2469 734 2528 et
752 2462 942 2549 Magistrum
958 2461 1170 2548 Ambrosium,
1186 2462 1244 2534 Oo-

1 2627 2 2636 ,
138 2573 247 2640 mitem
265 2567 399 2656 Capella
414 2567 542 2636 domine
553 2568 677 2654 Regina
693 2566 882 2640 charissime
900 2551 1060 2638 consortis
1069 2578 1190 2650 nostre,
1200 2569 1245 2638 di·

135 2683 240 2748 leatos
257 2685 290 2746 et
304 2675 418 2746 fideles
434 2683 580 2762 nostros3
608 2679 662 2763 qni
677 2680 884 2767 postmodnm
900 2681 934 2747 in
951 2681 1018 2749 suis
1034 2679 1137 2748 literis
1152 2678 1246 2746 nobis

135 2788 384 2874 rescripserunt,
401 2787 484 2868 qnod
502 2786 577 2873 ipsa
593 2792 678 2854 terra
694 2807 798 2856 vaona
815 2793 913 2872 esset,
928 2795 962 2854 et
977 2788 1087 2856 vieina
1102 2794 1188 2856 terre
1200 2788 1245 2874 ip·

42 2935 49 2952 ·
134 2899 203 2964 sins
218 2889 405 2963 Monas'terii
420 2895 534 2962 Jeuerr
550 2902 677 2977 sonate,
689 2903 721 2962 at
737 2895 873 2964 eandem
890 2917 962 2964 oum
973 2897 1103 2984 paiaoio
1120 2897 1153 2964 in
1169 2897 1246 2983 ipsa

135 3013 222 3074 terra
238 3005 403 3087 existenti,
420 3004 567 3090 predicto
584 3004 782 3074 Monasterio
807 3005 998 3075 statuissent
1023 3007 1065 3072 de
1090 3011 1244 3090 preoepto

1 3201 2 3206 Ἰ
134 3123 245 3184 nostro
262 3123 294 3180 et
308 3112 472 3180 mandato.
488 3113 557 3181 Nos
574 3113 684 3206 itaqup
700 3115 961 3200 assignaoionem
977 3114 1080 3201 ipsius
1096 3120 1180 3179 terre
1197 3113 1244 3181 ia-

23 3281 28 3288 .
123 3229 220 3290 'otum
237 3242 295 3309 per
311 3220 499 3305 Magistrum
516 3241 555 3290 ao
571 3223 772 3308 Propositum
789 3224 972 3308 predictum,
994 3229 1026 3290 et
1040 3222 1244 3290 Ambrosium

134 3331 325 3416 Magistrum
349 3329 519 3414 prefatum,
545 3337 651 3396 ratam
678 3329 834 3399 habentes
860 3337 957 3415 atque
982 3329 1115 3408 firmam,
1135 3331 1241 3418 ipsam

133 3449 263 3524 terram,
291 3438 560 3525 quemadmodum
575 3439 730 3522 Magister
753 3459 792 3506 ao
817 3441 1016 3528 Propositus,
1033 3445 1065 3506 et
1084 3437 1238 3524 Magister
1308 3449 1312 3455 '

1 3593 2 3598 κ
135 3530 323 3616 Ambrosius
349 3547 473 3634 prefati
503 3548 750 3634 assiguauerunt
776 3549 880 3618 eidem
911 3549 1108 3618 Monasterio
1140 3549 1242 3616 Beato

134 3656 285 3745 Virginis,
302 3656 461 3740 dedimus,
478 3657 673 3726 contulimus
690 3663 724 3724 et
739 3657 931 3726 donavimus
955 3664 1114 3747 perpetuo
1139 3655 1244 3746 possi·

135 3766 285 3836 dandam.
301 3765 422 3834 Datum
438 3786 523 3834 anno
540 3765 582 3832 ab
597 3767 830 3835 Inoarnaoioue
846 3767 977 3833 Domini
992 3765 1041 3832 Μο
1056 3763 1126 3834 00⁰
1150 3782 1243 3872 sexa·

134 3877 258 3960 gesimo
276 3881 401 3944 ootaro.

468 4069 555 4142 (Regi
568 4071 668 4129 hitales
682 4067 803 4128 mirolat
816 4067 910 4139 aeon.)
