3250 5268
815 267 974 374 ff...

336 463 525 554 Stephanus
541 471 617 556 post
631 465 773 556 predicti
786 473 917 558 tempus
933 469 1094 540 examinis
1110 490 1175 540 non
1189 471 1292 540 solum
1317 470 1465 542 moribus
1504 533 1509 540 .

336 581 369 642 et
385 577 523 644 scientia
540 576 690 663 creverit,
705 577 767 646 sed
783 585 815 646 et
830 581 916 648 alias
933 581 975 649 de
991 580 1112 648 virtute
1130 577 1308 666 profecerit
1333 581 1365 647 in
1391 580 1461 648 rir-

335 691 447 768 tutem,
463 685 658 757 electionem
675 688 717 756 de
734 687 853 756 eodem
867 689 1000 778 factam,
1017 691 1097 774 quia
1112 707 1186 758 eam
1201 690 1385 757 invenimus
1404 707 1462 756 ca·

334 795 451 864 nouioe
466 796 555 863 etde
571 817 714 884 persone
728 795 861 886 ydonee
887 800 1100 886 celebratam,
1118 799 1160 868 de
1176 797 1314 868 fratrum
1327 803 1458 869 nocuo-

333 925 403 972 rum
420 907 558 974 consilio
579 906 817 995 confirmantes,
843 907 983 979 eundem
1009 906 1199 976 memoratis
1225 904 1398 977 colocensi
1422 915 1464 976 et

333 1013 509 1084 Baebiensi
524 1016 685 1086 Ecclesiis
701 1017 736 1086 iu
754 1017 1043 1106 Arubiepiseopum
1069 1017 1266 1104 prefecimus
1290 1023 1323 1086 et
1347 1025 1461 1106 pasto·

332 1145 411 1212 rem,
427 1133 601 1214 sperantes
617 1128 762 1214 firmiter,
780 1128 868 1214 quod
893 1135 987 1198 actus
1002 1117 1093 1214 eius,
1119 1129 1177 1197 illo
1201 1126 1374 1215 dirigente,
1399 1128 1461 1214 qui

333 1233 433 1320 nouit,
449 1239 482 1304 et
505 1235 652 1320 regimen
676 1236 780 1322 ipsius
806 1234 840 1303 in
866 1238 992 1308 eisdem
1018 1236 1178 1306 Ecclesiir
1203 1257 1243 1306 eo
1267 1255 1461 1324 prosperum

332 1343 487 1432 faciente,
503 1345 559 1429 qui
574 1350 693 1432 potest,
709 1366 769 1434 per
784 1345 933 1415 eiusdem
955 1345 1171 1414 ministerium
1196 1345 1409 1432 spiritualiter
1424 1353 1464 1415 et

335 1453 557 1540 temporaliter
574 1460 681 1524 status
697 1456 898 1524 exaltabitur
917 1457 1106 1524 earundem.
1134 1453 1296 1535 Quocirca
1320 1455 1461 1524 manda-

333 1581 415 1650 mus,
432 1567 594 1646 quatenus
611 1582 669 1630 ros
685 1563 737 1632 vel
752 1563 838 1632 alter
853 1570 999 1634 restrum
1014 1585 1073 1652 per
1089 1583 1173 1650 ros,
1197 1563 1250 1630 uel
1275 1582 1335 1650 per
1359 1565 1461 1650 alios,

333 1673 387 1739 vel
404 1673 503 1740 alium
520 1671 554 1740 iu
569 1673 793 1742 Ecclesiemm
809 1674 1030 1760 predictarum
1048 1695 1089 1742 ac
1106 1673 1221 1742 iurium
1239 1677 1273 1740 et
1291 1671 1460 1760 pertinen-

332 1780 451 1848 tiarum
475 1779 521 1847 ad
545 1780 652 1868 ipsum
677 1782 827 1852 Electum
851 1783 1031 1852 earundem
1068 1781 1294 1850 Ecclesiarum
1330 1780 1462 1848 ratione

332 1890 553 1976 spectantium
573 1893 910 1960 auctoritateuostra
933 1890 1110 1975 inducetis,
1137 1895 1171 1958 et
1198 1886 1384 1956 defendetis
1409 1887 1460 1954 in·

333 2000 473 2085 ductum,
493 2006 603 2068 amoto
627 2001 672 2068 ab
698 2000 822 2070 eisdem
847 2001 1019 2080 Ecclesiis,
1045 1999 1167 2068 iuribus
1193 2004 1227 2066 et
1249 1996 1461 2084 pertinentiis

334 2109 479 2194 quolibet
509 2109 624 2178 illicito
655 2109 841 2196 detentore,
873 2109 1033 2178 iacientes
1064 2109 1294 2178 nichilominus
1324 2105 1461 2191 prelato

334 2219 448 2286 letecto
464 2239 485 2288 a
502 2218 571 2286 suis
591 2217 730 2288 subditis
758 2218 980 2290 obedientiam
1006 2225 1040 2288 et
1064 2219 1283 2288 reverentiam
1310 2215 1461 2284 debitam

333 2325 491 2410 exhiberi,
506 2345 547 2394 ae
563 2327 628 2396 sibi
643 2326 684 2396 de
700 2327 844 2415 ipsarum
860 2328 1084 2404 Ecclesiarum
1104 2326 1276 2410 fructibus,
1292 2322 1461 2412 proventi-

331 2436 393 2502 bus
410 2439 442 2502 et
457 2435 719 2524 obventionibus,
736 2456 778 2504 ac
802 2435 926 2504 iuribus
953 2436 1210 2522 quibuscumque
1238 2434 1365 2520 integre
1387 2449 1458 2498 res·

292 2531 293 2536 ¹
332 2543 471 2630 ponderi
488 2543 744 2614 contradictores
760 2550 822 2614 cte.
837 2547 913 2614 Non
937 2546 1098 2630 obstante,
1113 2545 1143 2614 si
1159 2543 1323 2627 aliquibus
1350 2542 1460 2608 euius·

333 2673 469 2739 cumque
500 2651 696 2722 conditionis
727 2655 881 2744 existant,
913 2655 966 2722 vel
996 2653 1095 2720 etiam
1126 2652 1315 2738 dignitatis,
1330 2670 1353 2716 a
1367 2649 1460 2718 Sede

331 2761 524 2848 Apostoliea
540 2762 582 2830 sit
597 2759 767 2849 indultum,
786 2764 872 2848 quod
888 2760 1047 2844 interdici,
1076 2761 1234 2848 suspendi
1250 2759 1304 2827 vel
1321 2776 1457 2826 excom-

333 2869 490 2940 municari
507 2889 571 2938 non
587 2871 717 2956 possint
730 2891 790 2958 per
805 2873 909 2958 ipsius
926 2869 1021 2940 Sedis
1037 2869 1176 2952 litteras,
1203 2889 1269 2938 nou
1294 2867 1457 2936 facientes

332 2981 463 3066 plenam
479 2999 519 3048 uc
535 2998 725 3066 expressam
740 2998 783 3046 ec
800 2981 842 3048 de
857 2980 959 3046 verbo
975 2980 1020 3048 ad
1036 2976 1170 3046 verbum
1186 2975 1228 3042 de
1244 2974 1371 3044 indulto
1397 2972 1456 3039 bu-

331 3089 473 3156 iusmodi
489 3090 697 3174 mentionem,
709 3094 767 3156 aut
782 3087 930 3170 qualibet
940 3089 1008 3156 alia
1024 3087 1127 3174 ipsius
1138 3087 1228 3154 sedis
1237 3083 1455 3168 indulgentia,

331 3215 504 3283 perquam
521 3195 657 3262 effectus
677 3197 876 3284 presentium
893 3195 1046 3282 impediri
1069 3195 1183 3262 ualeat
1208 3191 1457 3278 quomodolibet

332 3305 386 3372 vel
402 3304 533 3380 differri.
549 3305 671 3372 Datum
687 3305 824 3398 Vitcrbii
840 3304 899 3375 ΠΙ.
916 3305 995 3374 idus
1010 3303 1214 3374 Decembris.
1226 3298 1455 3388 (Pontificatus

332 3410 449 3500 nostri)
466 3433 553 3482 enno
570 3411 722 3482 secundo.
972 3423 974 3431 “

414 3607 473 3680 (iv.
487 3608 631 3666 usnemun
644 3607 723 3683 pepe
733 3603 934 3684 segestrum,
945 3607 1070 3665 reseces
1082 3605 1120 3664 te.
1133 3623 1169 3662 m.
1183 3605 1206 3664 1.
1220 3603 1322 3664 urea.
1335 3601 1370 3677 ι.)
