3250 5268
350 1117 504 1184 Lemtdcb
517 1125 646 1206 beneqye
661 1123 683 1182 b
697 1057 790 1205 adpba'
803 1117 936 1186 konoaat
944 1119 1019 1186 etto
1034 1119 1172 1210 bewllja
1187 1145 1267 1188 azotu
1287 1122 1379 1189 Used
1394 1115 1474 1187 νέει-

352 1226 497 1304 bicolor,
520 1224 602 1312 moly
625 1226 714 1292 irdout
737 1227 809 1290 meir
827 1224 918 1312 scaje
941 1227 1109 1293 Iotodoual
1132 1231 1164 1294 da
1196 1230 1357 1296 Victore-cl
1383 1231 1475 1316 ἱέρεα

758 1335 941 1420 eqyeoedqrc.
966 1333 1066 1401 1263.

719 1529 758 1596 A.
805 1529 843 1595 B.
889 1527 926 1598 0.
972 1529 1013 1596 D.
1058 1531 1097 1596 Ε.

460 1674 568 1743 Lucas
583 1673 706 1742 Divina
721 1673 937 1742 miseracione
957 1675 1149 1762 Propositus
1165 1685 1197 1744 et
1214 1679 1402 1748 Conventus
1419 1679 1476 1747 Or-

352 1783 441 1853 dinis
457 1783 808 1851 Premcnstratcnsium
833 1783 985 1852 Ecclesie
1011 1784 1054 1851 de
1078 1786 1169 1870 sang
1191 1786 1340 1854 omnibus
1356 1787 1480 1854 Christi

352 1893 507 1962 fidelibus
523 1891 661 1960 sulutem
678 1892 712 1958 iu
728 1892 870 1962 Domino
888 1892 1131 1979 sempiternam.
1163 1893 1310 1966 Prudens
1337 1893 1479 1981 antiqni-

354 2011 409 2074 tas
425 2001 605 2082 adinvenit,
622 2019 677 2069 res
691 2005 805 2086 gestae
829 1999 920 2068 fideli
936 2002 1103 2068 literarum
1115 2003 1303 2070 testimonio
1314 2023 1479 2071 commen-

353 2114 445 2197 dere,
463 2129 506 2179 ne
526 2109 562 2178 in
586 2116 753 2196 posterum
778 2107 891 2176 nubilo
917 2110 1095 2178 oblivionis
1119 2111 1353 2196 permittantur
1369 2109 1481 2180 obfus-

353 2220 432 2290 cari.
463 2219 516 2287 Ad
541 2219 696 2288 noticiam
724 2219 823 2303 igitur
847 2221 1073 2290 vnlnernornm
1097 2220 1211 2288 barum
1228 2221 1313 2290 serie
1329 2223 1482 2290 volumus

355 2329 540 2419 pervenire,
559 2327 836 2413 quodconstitnta
846 2347 957 2396 coram
969 2327 1062 2396 nobis
1078 2329 1197 2397 relicta
1213 2329 1403 2414 leusteebij
1420 2329 1479 2416 lilij

354 2439 482 2524 ngud
498 2456 570 2504 cum
596 2433 665 2502 filio
692 2455 751 2503 suo
776 2436 896 2518 Bogud
920 2441 1038 2504 vocato
1063 2437 1217 2506 contessa
1241 2445 1302 2514 est,
1329 2437 1482 2503 maritum

358 2569 452 2619 snum
466 2542 700 2616 Leustuobinm
719 2542 910 2617 vendidisse
934 2551 1054 2612 terram
1075 2545 1119 2612 ad
1134 2565 1233 2614 unum
1249 2552 1396 2614 aratrum
1413 2545 1480 2612 sul·

358 2655 522 2724 ticientcm
537 2651 579 2722 de
595 2652 749 2739 porcione
765 2669 826 2718 sua
842 2652 876 2718 in
891 2650 973 2719 villa
990 2650 1092 2736 Vsud,
1110 2652 1394 2722 consencientibus
1410 2653 1482 2720 suis

357 2759 521 2849 cognatis,
531 2758 685 2828 videlicet
695 2759 801 2842 Petro,
811 2757 966 2841 Bngislao
983 2766 1015 2825 et
1027 2759 1163 2828 lindecb
1179 2761 1211 2826 in
1227 2759 1330 2828 nostri
1346 2778 1482 2846 presen-

358 2872 420 2954 cia,
437 2868 608 2956 Stephano
619 2873 651 2933 et
661 2867 758 2934 letoni
772 2873 932 2954 perpetuo
942 2869 1187 2955 possidendam,
1204 2870 1260 2955 qui
1276 2871 1320 2936 ab
1337 2869 1483 2954 antiquis

356 2970 557 3063 temporibus
573 2976 607 3042 iu
624 2975 740 3042 eadem
756 2975 838 3042 villa
855 2973 944 3042 Vsud
969 2975 1171 3063 residebant,
1188 2987 1222 3047 et
1236 2979 1381 3062 quinque
1398 2997 1483 3045 mar·

358 3104 416 3155 oas
432 3103 492 3172 pre
509 3083 599 3150 dicta
623 3089 713 3150 terra
735 3083 966 3150 Leustacbium
991 3085 1142 3154 maritum
1171 3087 1206 3152 in
1229 3086 1301 3154 vita
1316 3085 1482 3173 corporali

358 3194 506 3281 plenarie
521 3189 695 3277 accepisse
710 3208 732 3255 a
748 3191 917 3276 Stephane
934 3197 968 3260 et
983 3193 1089 3261 Ictcre
1115 3193 1323 3280 supradictis,
1341 3197 1484 3262 nondum

359 3311 471 3370 tamen
481 3300 602 3368 dictam
613 3307 735 3366 terram
745 3299 841 3366 metis
851 3301 904 3368 vel
915 3298 1198 3388 terminibus(igy)
1206 3300 1416 3388 disjunctam,
1424 3301 1485 3371 sed

360 3409 621 3496 quandocunque
642 3406 762 3475 divisio
787 3413 873 3476 terre
888 3409 921 3475 in
937 3409 1021 3476 villa
1037 3393 1129 3478 Vsud
1145 3409 1231 3476 inter
1247 3411 1486 3495 generaciones

359 3517 512 3588 ordinata
521 3517 628 3600 fuerit,
639 3515 728 3582 dicta
738 3513 870 3584 domina
882 3523 916 3583 ct
924 3515 1010 3585 filius
1021 3535 1100 3586 suus
1109 3517 1237 3602 Bugud,
1253 3523 1403 3585 tenentur
1412 3538 1486 3586 cnm

358 3626 432 3696 utili
448 3623 598 3694 sessione
622 3623 802 3691 mansionis
828 3632 861 3691 et
885 3624 987 3692 feneti
1012 3626 1104 3692 iuxta
1128 3625 1344 3710 quantitatem
1361 3625 1486 3694 valoris

359 3741 446 3802 terre
471 3733 570 3802 unius
597 3735 711 3816 aratri,
739 3732 882 3800 euriculo
907 3728 994 3816 (vel:
1011 3732 1149 3816 circulo)
1177 3740 1337 3801 metarum
1367 3731 1485 3800 distin-

359 3861 470 3928 guere.
486 3843 557 3908 Hoc
572 3840 778 3925 interposito,
794 3837 881 3921 quod
897 3840 1159 3925 quandocunque
1185 3859 1344 3926 processu
1362 3848 1486 3926 tempo-

358 3954 404 4020 ris
430 3949 577 4036 placeret
602 3945 771 4035 Stephano
797 3955 830 4014 ct
854 3943 983 4034 I(ctcri)
1004 3955 1126 4016 terram
1150 3949 1270 4016 dictam
1296 3947 1486 4016 vendicioni

360 4077 543 4148 exponere,
570 4079 629 4146 pro
654 4056 833 4124 tantisdem
858 4057 1000 4141 quinque
1024 4059 1148 4126 marcis
1173 4060 1342 4126 nominato
1369 4054 1487 4142 Bugnd

359 4171 504 4238 vendere
518 4167 725 4236 tenebuntur.
736 4165 779 4232 Vt
794 4172 903 4234 antem
919 4166 1015 4235 buius
1031 4188 1090 4254 roy
1105 4167 1209 4237 series
1225 4169 1324 4235 robur
1340 4166 1488 4252 optineat

360 4285 564 4366 perpetuum,
589 4281 776 4364 presentem
791 4275 956 4362 paginam,
978 4273 1079 4360 sigilli
1095 4275 1198 4342 nostri
1213 4273 1389 4340 munimine
1407 4273 1485 4340 feci·

362 4406 435 4456 mus
450 4385 611 4472 roborari,
627 4387 722 4454 Anno
739 4385 870 4453 Domini
886 4383 1009 4452 nl⁰00⁰
1025 4384 1235 4468 sexagesimo
1252 4383 1362 4450 tercio.

416 4541 611 4616 (Btlrbdrtydn
626 4545 688 4602 lrelt
700 4549 835 4601 metscett
848 4541 933 4598 levdl.
953 4542 1078 4600 bldeolta
1091 4539 1204 4598 Horvdt
1217 4539 1324 4597 lstvln.
1345 4528 1441 4608 ἐνδυ.)
1519 4623 1520 4628 ¹

809 4737 1059 4754 ι--α-ῌ
