3270 5280
409 1177 469 1242 IV.
487 1177 594 1242 Orbdn
607 1181 697 1268 pulpa
713 1184 780 1245 mdc
796 1173 983 1247 tatarozara
998 1201 1187 1266 apyauazoc
1203 1175 1333 1262 ttpyben.
1355 1172 1458 1235 1263.

480 1389 635 1460 Urbanus
661 1393 844 1481 Episcopus
871 1396 991 1462 Servus
1019 1397 1191 1463 Servorum
1224 1389 1287 1458 Dei
1319 1383 1507 1453 venerabili

374 1497 469 1564 fratri
487 1547 494 1562 .
512 1548 519 1564 .
538 1549 545 1564 .
563 1502 820 1589 archiepiscopo
837 1503 1057 1587 strigoniensi
1068 1503 1208 1569 salutem
1219 1505 1278 1566 etc.
1296 1498 1349 1563 De
1366 1493 1507 1560 summis

375 1607 518 1673 celorum
534 1609 694 1676 Dominus
722 1617 841 1678 terram
869 1631 927 1678 sue
954 1611 1138 1678 nativitatis
1164 1615 1197 1675 et
1220 1606 1388 1694 passionis
1417 1601 1506 1686 aspi-

374 1717 475 1799 ciens,
493 1715 568 1782 dum
584 1735 643 1800 per
659 1719 807 1802 singulos
824 1717 944 1786 diesin
961 1721 1020 1786 illa
1036 1719 1138 1785 variis
1149 1721 1346 1802 provocatur
1363 1709 1504 1782 iniuriis,
1595 1783 1603 1793 ι

373 1843 435 1889 nec
451 1818 581 1906 e'xurgit
597 1827 746 1913 populus,
763 1845 858 1909 quem
875 1829 947 1912 ipse
957 1827 1104 1908 redemit,
1124 1826 1166 1892 ad
1183 1819 1416 1891 vindicandum
1436 1836 1503 1882 cru-

375 1933 423 1998 cis
439 1932 659 2016 obprobrium,
672 1956 712 2000 ex
725 1953 764 2002 eo
775 1934 1002 2020 percipuenon
1014 1934 1176 2000 immerito
1194 1930 1274 1999 addi
1291 1930 1335 1997 ad
1353 1927 1503 1996 dolorem

373 2057 505 2107 suorum
525 2042 694 2108 vulnerum
720 2048 862 2127 reputat,
889 2025 974 2126 quc'd
999 2042 1090 2109 locus
1116 2042 1173 2108 ille
1198 2037 1444 2116 sanctissimus,
1473 2035 1507 2098 in

373 2164 438 2228 quo
455 2149 561 2231 ipsum
578 2149 641 2215 celi
657 2149 778 2234 Regem
796 2151 890 2234 virgo
906 2169 1071 2236 puerpera
1087 2147 1211 2234 gennit,
1231 2145 1387 2214 continue
1403 2139 1506 2207 uexa-

373 2253 473 2320 tionis
499 2255 642 2322 lassatur
673 2257 835 2340 angustiis
862 2265 894 2323 et
919 2257 1117 2323 successivis
1144 2253 1300 2322 dessidiis
1325 2256 1506 2328 laceratur,

373 2378 459 2426 nunc
478 2361 510 2426 in
527 2361 617 2426 illum
635 2365 855 2430 Sarracenica
881 2364 1007 2429 furente
1028 2365 1165 2448 sevitia,
1191 2382 1278 2428 nunc
1303 2361 1336 2424 in
1362 2359 1508 2424 eundem

372 2466 491 2533 luroris
517 2468 720 2535 immanitate
736 2469 899 2538 Tartarici
919 2471 1009 2536 sexui
1036 2471 1090 2536 vel
1114 2469 1197 2536 etati
1222 2480 1361 2552 parcere
1387 2463 1508 2530 nescia

372 2574 531 2640 seviente.
564 2574 616 2641 Ad
642 2574 703 2640 boc
729 2577 815 2642 enim
839 2575 994 2664 precipue
1018 2576 1157 2645 liliorum
1174 2577 1258 2644 lucis
1275 2575 1419 2642 intentio
1436 2580 1508 2638 ten·

371 2675 458 2764 dere,
475 2682 565 2746 circa
591 2679 624 2746 id
648 2681 769 2748 debent
795 2703 905 2749 corum
930 2683 1067 2752 assidue
1094 2685 1221 2752 revolvi
1247 2683 1447 2770 precordia,
1474 2687 1509 2745 et

372 2785 558 2852 sollicitudo
574 2790 709 2872 versari,
736 2797 773 2855 ut
797 2790 884 2855 illius
910 2796 1006 2874 terre,
1034 2810 1130 2873 quam
1148 2793 1181 2858 in
1199 2792 1425 2858 hereditatem
1443 2787 1507 2856 sibi

371 2893 434 2957 Dei
450 2893 537 2960 filius
553 2893 723 2978 preelegit,
742 2894 1024 2965 abhominationes
1042 2899 1178 2982 expiare
1205 2906 1379 2979 conentur,
1398 2905 1432 2963 et
1446 2919 1508 2983 po-

370 3001 451 3065 tenti
476 3019 573 3066 manu
600 3003 753 3068 resistere
788 3004 1011 3087 polluentibus
1039 3007 1145 3092 ipsam
1172 3007 1249 3074 filiis
1275 3009 1506 3074 tenebrarum.

370 3104 440 3171 Hac
456 3107 602 3190 proiecto
619 3109 819 3175 dissimulari
835 3129 901 3176 non
919 3113 1048 3196 debent,
1066 3115 1118 3182 vel
1134 3113 1261 3182 obtusis
1273 3115 1414 3182 auribus
1433 3133 1509 3199 pre·

371 3212 472 3295 teriri,
490 3233 531 3278 ne
546 3213 733 3299 redemptor
759 3223 872 3285 noster
898 3227 1020 3288 cuncta
1044 3223 1234 3308 providens,
1261 3223 1338 3289 falli
1356 3224 1509 3305 nescius,

370 3321 617 3404 ingratitudinis
641 3325 721 3390 vitio
746 3327 933 3412 redemptos
961 3331 1114 3397 laborare
1139 3333 1360 3418 comperiens,
1392 3331 1509 3400 abeis

370 3425 489 3492 faciem
505 3429 607 3496 iratus
622 3439 749 3518 evenat
766 3483 775 3516 ,
802 3453 922 3517 eosque
950 3438 1038 3502 volut
1054 3437 1210 3524 indignos
1227 3447 1374 3524 paterna
1391 3441 1509 3523 gratia

369 3533 583 3615 derelinquat
610 3536 683 3600 Non
700 3538 765 3604 sint
781 3541 878 3622 igitur
894 3541 952 3608 filii
970 3543 1155 3613 devotionis
1172 3549 1397 3624 immemores,
1416 3547 1509 3632 quod

369 3639 442 3721 ipse
459 3638 605 3707 Christus
622 3641 655 3706 in
672 3649 759 3708 terra
775 3645 833 3712 illa
848 3648 882 3712 in
901 3648 1006 3715 torma
1030 3655 1119 3720 servi
1136 3673 1268 3722 carnem
1286 3663 1402 3723 nostre
1421 3675 1508 3722 mor-

369 3745 510 3810 talitatis
526 3745 669 3831 indutus,
687 3753 792 3818 crucis
809 3773 874 3819 non
891 3757 1005 3823 metuit
1021 3761 1131 3827 subire
1149 3769 1360 3848 tormentum,
1373 3771 1409 3829 ut
1420 3765 1507 3830 mol·

369 3855 435 3912 tem
450 3857 595 3919 nostram
620 3856 785 3923 moriendo
811 3861 1001 3948 destrueret,
1023 3875 1056 3932 et
1071 3868 1174 3937 vitam
1191 3869 1402 3956 resurgendo
1421 3870 1506 3936 lide-

369 3951 454 4019 libus
470 3969 647 4040 repararet.
673 3961 865 4046 Quesumus,
883 3968 1059 4052 diligenter
1074 3977 1260 4057 attendant,
1279 3979 1428 4061 qualiter
1445 3980 1509 4046 illa

369 4061 568 4131 miserabilis
593 4069 685 4151 regio
709 4069 865 4155 depressa
891 4075 988 4159 iacet,
1015 4081 1095 4146 diris
1122 4087 1318 4168 angustiata
1344 4085 1507 4171 flagellis,

369 4163 520 4250 quodque
535 4170 567 4234 in
585 4191 657 4238 eam
674 4177 777 4257 pestis
801 4180 975 4248 Tartariea
1000 4191 1199 4271 supervenit,
1218 4193 1311 4257 cuius
1328 4200 1428 4260 tanto
1445 4213 1506 4280 po-

368 4265 434 4330 tius
450 4272 598 4340 nimirum
625 4277 723 4347 futuri
750 4282 1154 4378 vicinique-formidantur
1176 4297 1343 4382 incursus,
1372 4309 1506 4384 quanto

368 4373 501 4448 gravius
528 4380 582 4445 ille
608 4401 705 4453 sevus
735 4397 767 4455 et
793 4391 1015 4477 dampnabilis
1036 4395 1251 4470 Tartarorum
1269 4410 1423 4492 populus
1440 4416 1507 4476 ter·

369 4489 449 4555 ¹²¹⁰,
467 4499 562 4558 quam
578 4505 636 4552 sne
651 4495 772 4562 subicit
791 4501 953 4583 servituti,
977 4503 1245 4577 intolerabilibus
1262 4517 1505 4585 exactionibus

370 4579 562 4665 ⁰l³l>¹imena
588 4593 636 4655 sia
661 4598 749 4668 illius
776 4605 901 4668 incolas
927 4612 1056 4690 torquet
1082 4613 1272 4685 immaniter
1298 4629 1333 4687 et
1363 4625 1504 4709 affligit.
