3248 5274
870 401 1026 508 ju-

390 595 527 672 hanem
546 595 692 674 hnank
711 599 905 678 duntntuli
924 602 1041 678 testei
1050 601 1209 680 namneti
1228 600 1514 704 visronyainak

389 723 634 799 turteuetevel
652 725 684 800 is
704 751 830 804 snoros
855 727 1147 830 ossaefuggesbe
1175 729 1364 818 hoaatott‚
1394 726 1514 804 annu

388 847 532 940 inkabb
560 851 830 952 megerdemlik
857 853 1151 955 figyelmunket‚
1180 853 1296 930 minet
1327 851 1513 956 egyolda·

390 974 558 1051 luabbalr
586 1001 610 1049 a
637 975 740 1052 szlav
769 978 1013 1062 tortonetirok
1042 1005 1132 1056 enen
1161 979 1230 1056 kor
1250 979 1510 1082 esemenyeire

390 1100 600 1178 vonatkono
629 1101 889 1182 elbeszellesei.
929 1105 985 1182 An
1015 1105 1243 1209 esemenyelr
1272 1105 1510 1184 elbesntlllese

390 1229 645 1305 tekinteteben
664 1256 751 1306 nem
769 1231 870 1308 lehet
887 1232 1017 1308 Dudik
1046 1235 1274 1334 saurgalmat
1303 1259 1387 1308 nom
1418 1231 1509 1308 mel-

391 1352 865 1456 tunyolnom,lrialr1'1tf6i
886 1359 1026 1434 edatolr
1054 1359 1199 1458 gondos
1228 1356 1508 1460 egybeallltasa

390 1479 540 1581 alapjan
559 1508 582 1556 a
601 1482 805 1582 kbaepkori
825 1488 985 1562 terrenos
1005 1512 1094 1562 ezen
1126 1513 1211 1562 nem
1230 1485 1423 1562 kevasbbe
1440 1483 1506 1560 ke-

389 1632 487 1708 nyes
508 1606 603 1682 mint
621 1607 777 1684 erdek'es
796 1613 916 1686 restet
928 1611 1027 1686 ritka
1038 1611 1252 1711 tapintattal
1264 1610 1461 1714 targyalta
1471 1607 1506 1706 ¹).

388 1733 519 1834 Magat
548 1759 571 1808 a
600 1735 1014 1838 regestagyiljtemonyt
1042 1736 1208 1836 illetbleg
1236 1736 1443 1835 szabadjon
1462 1735 1508 1810 itt

387 1860 486 1939 «leffe
505 1862 650 1936 szavait
669 1859 878 1940 selbonnom
899 1889 907 1934 ε
928 1863 1218 1964 Quantiounquo
1238 1865 1371 1940 merito
1390 1860 1506 1936 habe·

387 2001 447 2064 tur
465 1989 633 2091 amplum
652 1999 690 2064 et
709 1988 863 2088 grande,
890 1989 991 2090 quod
1021 2002 1202 2089 superest,
1221 1989 1370 2090 registri
1389 1987 1505 2063 loan-

388 2117 446 2193 nis
466 2119 572 2196 VIII.
592 2115 857 2214 fragmentum,
877 2114 1053 2214 epistolas
1074 2120 1149 2194 308
1173 2112 1504 2216 eomprehendens,

390 2243 593 2321 dolendum
611 2251 737 2316 tamen
757 2251 824 2336 est,
846 2241 946 2340 quod
964 2268 1041 2317 non
1060 2241 1211 2318 meliore
1222 2241 1437 2318 conditione
1453 2238 1504 2314 ad

388 2367 827 2470 nospervenit.1nouria
855 2367 955 2444 enim
976 2369 1055 2442 sive
1083 2367 1201 2468 ipsius
1222 2367 1380 2460 notarii,
1410 2365 1501 2448 sive,

387 2507 430 2571 ut
446 2492 678 2596 probabilius
698 2503 763 2584 est,
786 2517 933 2584 eorum,
963 2492 1027 2591 qui
1057 2493 1405 2592 transscripserunt,
1424 2518 1502 2568 non

387 2619 496 2696 modo
516 2629 715 2717 corruptae
743 2643 973 2719 magnopere
993 2629 1031 2694 et
1058 2629 1255 2696 truncatae
1279 2617 1382 2694 haud
1410 2645 1505 2720 pau·

387 2773 452 2823 eae
472 2744 651 2847 epistolae
670 2755 766 2840 sunt,
786 2744 917 2820 sedne
937 2746 1116 2845 temporis
1137 2742 1289 2845 quidem
1307 2746 1348 2820 in
1375 2746 1422 2820 iis
1452 2745 1505 2821 di·

387 2870 588 2974 sponendis
608 2869 747 2970 ubique
766 2867 896 2946 habita
913 2871 1011 2946 ratio
1022 2859 1106 2966 ‘est3
1126 2872 1216 2970 quin
1237 2871 1350 2948 etiam
1368 2898 1413 2948 eo
1442 2897 1502 2948 us·

388 3025 460 3102 qne
488 2995 756 3095 chronologiae
784 2997 891 3096 quasi
928 2996 1156 3097 contemptio
1185 2995 1370 3095 quaedam
1404 2996 1506 3074 baud

388 3152 473 3202 raro
493 3121 695 3225 prooessit,
723 3133 765 3197 ut
788 3123 827 3196 in
846 3122 1043 3222 permultis
1063 3123 1183 3222 iisque
1204 3121 1389 3198 continuis
1408 3122 1505 3200 litte

387 3254 449 3347 ris,
470 3277 565 3350 quas
583 3247 696 3349 plane
714 3246 911 3324 manifesto
932 3273 977 3323 ex
1005 3247 1245 3324 interioribus
1270 3247 1417 3322 indiciis
1436 3274 1501 3348 ap-

388 3391 496 3478 paret
523 3378 681 3475 seriptas
710 3374 940 3474 temporibus
970 3373 1127 3448 diversis
1155 3373 1288 3468 fuisse,
1317 3373 1503 3450 ohroniois

388 3503 505 3604 signis
525 3501 676 3580 omnino
704 3499 863 3599 abjectis
892 3499 1023 3576 eodem
1050 3500 1163 3576 modo
1182 3499 1502 3578 substitueretur:

392 3629 541 3718 „Data
568 3636 619 3703 ut
646 3653 732 3728 sup
744 3627 829 3703 ra.“
863 3625 969 3718 Quae
988 3626 1104 3700 verba
1122 3626 1172 3701 ab
1191 3626 1320 3726 inepto
1339 3626 1500 3726 quodum

389 3753 766 3855 aetatis-posterioris
803 3753 995 3832 librariolo
1032 3779 1130 3853 pro:
1163 3745 1315 3842 „Data
1352 3764 1398 3828 et
1435 3779 1501 3828 oe-

388 3890 514 3957 tera“
539 3879 709 3981 apposita
725 3891 877 3979 putem,
906 3903 1020 3978 quum
1040 3878 1261 3978 praesertim
1281 3905 1356 3978 quo
1378 3904 1422 3952 ex
1443 3905 1502 3954 oo-

389 4009 470 4084 dioe
489 4030 707 4106 expressum
725 4005 924 4104 registrum
939 4017 1005 4100 est,
1026 4029 1111 4078 eum
1130 4004 1330 4082 undecimo
1349 4005 1501 4082 demum

389 4132 540 4211 saeeulo
558 4131 766 4208 oonfeetum
779 4156 859 4206 esse
877 4141 1034 4208 testetur
1043 4131 1235 4208 Pertzius“
1248 4129 1286 4232 ²).
1305 4133 1404 4208 Jaffe
1415 4159 1503 4210 enen

385 4317 596 4332 —n-—nu—--u

478 4398 504 4527 Ξ)
521 4401 670 4467 Mahrens
686 4402 827 4509 Allgem.
849 4347 967 4466 Gabali.
985 4400 1011 4466 Ι.
1029 4401 1062 4465 k.
1079 4401 1190 4466 Britan
1204 4401 1289 4469 1860
1314 4401 1385 4469 lbl.
1403 4400 1453 4508 sk.
1471 4401 1501 4468 ll.

387 4490 1504 4670 „tilluttttfitt?&tubuli-³42'tttltttttttt

388 4673 481 4743 taber
496 4671 678 4760 Minusksl,
695 4671 773 4740 oder
788 4673 850 4740 wia
863 4671 1023 4770 Mousign.
1040 4671 1163 4752 Marini
1174 4683 1257 4760 sagt
1273 4674 1331 4740 ruit
1345 4671 1504 4740 beneven·
