3270 5280
916 285 961 354 66

378 489 411 557 ἰιι
427 487 644 556 instrumento
662 487 792 573 publico
814 483 965 555 conlecto
982 483 1144 570 perintra
1161 485 1317 571 scriptum
1343 483 1507 550 notarium

378 599 556 666 evidenter.
573 597 785 666 Postmodum
795 617 873 664 vero
885 594 995 662 dictus
1010 595 1144 664 ireneus
1161 595 1268 662 eidem
1284 595 1379 662 Petro
1396 612 1507 660 coram

380 707 626 792 nobishlibellos
643 704 788 772 exhibuit
805 707 838 772 in
854 703 917 770 hac
933 701 1046 770 torma

485 813 605 881 Coram
622 812 715 881 vobis
731 811 863 880 domino
888 807 922 876 S.
951 809 1014 876 Dei
1029 809 1140 896 gratia
1157 809 1324 896 Episcopo
1341 809 1507 877 Prenesti-

377 943 429 1004 no,
446 922 571 990 arbitro
596 940 618 987 a
642 921 791 1008 partibus
819 917 1025 988 concorditer
1040 918 1160 1004 electo,
1176 919 1331 1006 proponit
1348 917 1508 1000 magister

377 1031 524 1114 lreneus,
540 1027 798 1095 Archidiaoonus
826 1025 1062 1114 Suprnnicnsis
1088 1025 1121 1091 in
1147 1025 1299 1095 Ecclesia
1324 1025 1507 1105 lauriensi,

377 1144 495 1208 contra
518 1137 712 1222 magistrum
744 1138 875 1204 Petrum
906 1141 1058 1222 nepotem
1092 1135 1299 1203 Domini...
1321 1133 1508 1200 Janriensis

377 1244 542 1332 Episcopi,
561 1244 617 1326 qui
643 1263 680 1309 sc
705 1242 790 1327 gerit
816 1261 875 1328 pro
902 1234 1143 1309 Archidiacono
1160 1241 1399 1327 Suprnniensi:
1422 1241 1509 1323 qnod

376 1373 449 1421 oum
474 1353 579 1421 dictus
604 1352 902 1422 Archidiuconatus
933 1371 1061 1421 vacans
1086 1372 1146 1440 pcr
1172 1358 1307 1420 mortem
1339 1351 1506 1434 quondam

376 1462 527 1548 magistri
552 1461 657 1545 Sauli,
690 1462 746 1546 qui
778 1459 1091 1528 Archidiaconatum
1123 1462 1232 1546 ipsum
1258 1461 1449 1527 obtinuerat
1474 1457 1505 1522 in

377 1571 468 1636 dicta
505 1570 655 1636 Ecclesia
689 1568 868 1648 lauriensi,
900 1569 1098 1637 auctoritate
1124 1569 1319 1653 Apostolica
1344 1565 1505 1634 canonice

377 1677 442 1744 sibi
458 1679 502 1746 sit
518 1678 659 1745 collatus
677 1697 748 1744 cum
776 1675 921 1762 Oapellis
937 1685 972 1744 et
989 1678 1138 1745 omnibus
1164 1677 1298 1759 iuribus,
1315 1677 1404 1744 sicut
1420 1674 1505 1740 idem

377 1787 536 1872 magister
553 1786 675 1853 Saulus
691 1791 852 1866 tenuerat,
870 1785 1122 1852 licetdccretum
1134 1783 1250 1854 luisset
1265 1805 1322 1869 per
1338 1786 1505 1853 dominum

376 1897 501 1981 Papam
517 1899 644 1963 irritum
660 1903 694 1964 et
709 1895 818 1978 inane,
835 1893 960 1978 siquid
976 1893 1068 1962 fieret
1078 1901 1194 1962 contra
1210 1897 1402 1962 mandatnm
1413 1897 1505 1978 Apo.
1601 1917 1605 1926 ·

376 2005 528 2074 stolicum
544 2023 603 2090 pro
620 2005 693 2090 ipso
704 2004 865 2090 magistro
881 2003 997 2070 Ircueo
1007 2002 1177 2087 directum,
1190 2021 1288 2089 super
1299 2002 1505 2088 providendo

375 2114 439 2182 sibi
455 2113 489 2178 in
505 2113 596 2182 dicta
612 2112 764 2180 Ecclesia
781 2113 824 2180 dc
839 2109 1002 2180 beneficio
1019 2111 1247 2180 ecclesiastico
1263 2131 1335 2178 oum
1352 2131 1431 2179 cura
1452 2113 1505 2179 vel

377 2224 449 2292 sine
465 2242 554 2308 cura,
571 2223 732 2308 dignitate
757 2223 810 2290 uel
836 2229 1023 2307 personatu,
1039 2221 1070 2288 si
1088 2229 1163 2288 tuno
1180 2221 1324 2289 uacabat
1340 2220 1372 2285 in
1391 2222 1503 2288 Eccle-

379 2332 431 2397 sia
446 2329 624 2413 lauriensi,
652 2331 705 2396 vel
730 2330 834 2417 primo
860 2331 1010 2415 proximo
1035 2337 1204 2416 vacatura,
1224 2337 1258 2397 et
1273 2331 1451 2417 prohibitio
1467 2350 1506 2397 ac

377 2439 558 2524 publicatio
574 2437 760 2524 hujusmodi
777 2437 982 2506 auctoritatis
998 2440 1219 2523 processisset
1233 2438 1266 2504 in
1284 2438 1374 2504 dicta
1389 2439 1506 2506 Eccle-

377 2549 429 2614 sia
444 2548 632 2634 lauriensi,
649 2546 798 2634 prefatus
814 2553 925 2614 tumen
937 2548 1097 2633 magister
1112 2549 1228 2615 Petrus
1246 2547 1503 2616 Archidiacona·

376 2665 445 2724 tum
462 2657 570 2741 ipsum
587 2667 709 2724 temere
726 2655 933 2741 postmodum
944 2656 1205 2742 procuravitsibl
1216 2658 1368 2743 conferri,
1384 2658 1507 2744 ipsum-

381 2783 444 2848 que
459 2765 634 2850 occupuvit
650 2771 683 2828 et
699 2761 825 2830 detinet
850 2770 1043 2848 occupatum
1059 2765 1092 2829 in
1109 2764 1214 2850 ipsius
1230 2766 1380 2850 magistri
1396 2765 1507 2833 Irenei

376 2863 592 2958 preindicium
609 2878 642 2938 et
657 2889 846 2956 gravamen.
865 2870 974 2949 Quare
993 2873 1077 2956 petit
1094 2873 1276 2955 predictum
1292 2873 1507 2940 Archidiaco-

376 2985 489 3047 uatum
506 2999 579 3046 cum
606 2979 729 3046 iuribus
754 2987 785 3044 et
814 2979 1015 3061 pertinentiis
1042 2979 1110 3046 suis
1130 2988 1163 3048 et
1178 2981 1328 3048 omnibns
1354 2979 1506 3066 capellis,

379 3089 464 3154 siout
481 3087 625 3172 prelatus
642 3085 798 3172 magister
825 3086 944 3154 Saulus
966 3089 1080 3173 tenuit,
1097 3087 1160 3156 sibi
1177 3109 1236 3174 per
1250 3107 1310 3156 vos
1327 3089 1506 3156 sententia-

378 3197 453 3263 liter
470 3195 664 3277 adiudicari‚
682 3201 715 3260 et
724 3213 783 3279 per
793 3202 937 3261 vestram
948 3198 1144 3264 sententium
1160 3197 1323 3266 declarari
1340 3196 1506 3284 adipsum

378 3304 533 3372 Ireueum
549 3301 591 3368 de
607 3303 677 3369 iure
694 3309 860 3388 spectare,
885 3322 958 3368 cum
973 3303 1135 3370 fructibus
1150 3309 1183 3372 et
1199 3306 1416 3390 proventibus
1434 3324 1509 3390 per·

378 3413 493 3496 ceptis,
511 3417 543 3478 et
558 3411 612 3493 qui
629 3411 753 3495 percipi
770 3417 947 3495 potuerunt
973 3429 994 3476 a
1018 3419 1166 3496 tempore
1191 3413 1381 3481 collationis
1397 3413 1508 3498 predi-

378 3524 440 3602 cte,
457 3524 490 3585 et
505 3515 645 3584 eundem
662 3518 698 3582 P.
716 3517 948 3602 condempnari
962 3519 1025 3584 sibi
1043 3517 1085 3584 ad
1102 3517 1343 3588 restitutionem
1359 3521 1507 3588 omnium

378 3626 597 3714 predictorum
614 3645 686 3693 cum
702 3625 867 3711 dampnis,
884 3629 1039 3711 expensis
1055 3635 1088 3694 et
1104 3627 1278 3713 interesse,
1288 3649 1351 3713 que
1368 3629 1509 3697 extimat

378 3734 439 3802 CO.
456 3751 587 3800 marcas
604 3735 743 3819 argenti,
774 3742 808 3800 et
832 3754 868 3800 se
894 3735 947 3800 vel
972 3743 1215 3820 procuratorem
1237 3738 1310 3805 eius
1325 3739 1434 3823 ipsius
1451 3763 1507 3809 no·

378 3841 466 3908 mine
481 3840 515 3906 in
531 3841 678 3908 eiusdem
694 3841 989 3910 Archidiaconatus
999 3846 1244 3929 possessionem
1255 3847 1379 3931 induci,
1397 3854 1433 3916 et
1449 3848 1506 3914 de·

375 3945 472 4019 tendi
488 3947 665 4032 inductum,
681 3947 810 4032 ipsique
826 3949 985 4032 magistro
1003 3953 1098 4020 Petro
1115 3971 1213 4040 super
1228 3955 1293 4022 hiis
1309 3961 1507 4041 perpetuum

377 4055 502 4138 imponi
527 4054 713 4138 silentium,
742 4075 813 4122 cum
839 4056 963 4124 nullum
989 4059 1040 4127 ius
1064 4060 1188 4129 habeat
1212 4063 1247 4128 in
1272 4063 1401 4147 eodem,
1424 4067 1508 4150 petit

379 4178 544 4246 expensus
561 4160 671 4228 tactas
687 4167 720 4226 et
735 4167 936 4246 protestatur
952 4162 1134 4250 iaciendas,
1150 4170 1248 4236 saluo
1265 4169 1338 4236 iure
1352 4176 1419 4237 etc.

485 4265 602 4334 (loram
627 4267 722 4334 vobis
746 4267 878 4335 domino
903 4269 937 4336 S.
965 4271 1131 4357 Episcopo
1155 4273 1362 4360 Prenestino,
1379 4277 1507 4345 arbitro

379 4371 421 4437 de
438 4393 597 4442 consensu
623 4375 764 4459 partium
789 4377 906 4460 electo,
933 4385 965 4444 et
984 4380 1084 4446 etiam
1101 4379 1141 4448 de
1158 4382 1282 4450 domini
1299 4385 1394 4468 Papo
1412 4406 1504 4452 man·

379 4480 459 4545 dato
475 4479 552 4547 risa
567 4498 648 4547 voce
677 4480 764 4564 dato,
790 4483 942 4567 proponit
970 4487 1126 4570 magister
1151 4488 1288 4558 treueus
1315 4491 1506 4561 Cenonicus

237 4663 248 4680 .
379 4583 580 4669 luculensis,
601 4584 800 4668 Oupeltunus
828 4592 944 4670 vester,
971 4605 1085 4663 contra
1109 4595 1275 4662 dominum
1301 4595 1505 4685 Episcopum
