3230 5268
143 1178 189 1244 ΙΙ.
206 1179 331 1246 otmar
343 1181 410 1246 ereb
425 1181 533 1267 kirdlg
541 1181 765 1266 pamealeoele
785 1183 821 1251 V.
837 1185 946 1252 Ιεὲυάη
960 1209 1093 1277 mupyur
1101 1189 1259 1278 strepet-

248 1289 306 1370 ter,
321 1285 400 1376 hopy
416 1313 454 1354 ua
470 1289 614 1354 lato-ut
628 1291 802 1379 bikeeedpe't
817 1315 886 1358 uem
901 1303 1042 1363 tartotta.
1060 1297 1157 1362 1271.

250 1502 384 1574 Grande
399 1507 519 1592 scelus,
544 1505 722 1574 uelandum
740 1509 863 1576 crimen
879 1517 912 1576 et
927 1509 1158 1580 detestabilem
1172 1513 1266 1598 perd·

143 1614 242 1699 diam,
258 1634 319 1699 per
334 1612 538 1700 Stephanum
553 1617 678 1702 Regem
695 1614 862 1701 ngarlae
877 1617 911 1684 in
929 1615 1149 1688 christianum
1164 1639 1267 1707 popu·

142 1720 207 1788 lum
231 1729 464 1808 perpetratam,
490 1725 531 1790 ed
556 1742 654 1812 aures
680 1731 809 1794 vestras
834 1723 1107 1796 delerimueeum
1122 1729 1266 1814 querela,

143 1834 256 1916 utpote
266 1831 310 1898 ad
322 1851 444 1915 eorum,
461 1832 518 1916 qui
534 1831 715 1900 Christiani
731 1831 901 1920 Principes
918 1836 1011 1921 estis,
1029 1835 1134 1920 etqui
1149 1837 1265 1904 merito

142 1938 187 2008 ad
203 1941 439 2028 compassionis
455 1941 602 2010 dolorem
618 1942 755 2010 exultari
779 1941 910 2010 debetis
925 1963 967 2011 ex
982 1943 1160 2012 traditione
1185 1943 1267 2012 tilio·

142 2067 213 2116 rum
228 2049 373 2118 Sanetue
389 2048 503 2116 Matris
520 2047 693 2118 Eoeleeiae
709 2057 742 2118 et
752 2051 889 2138 jactura
914 2052 1054 2120 neminie
1079 2051 1256 2123 Christiani

142 2157 228 2224 ane
245 2159 331 2226 enim
348 2177 420 2224 oum
437 2157 552 2226 eodem
566 2159 659 2244 Rege
674 2160 721 2226 St
746 2169 881 2246 treugae
907 2179 993 2230 uune
1015 2179 1039 2230 a
1058 2161 1144 2230 festo
1168 2161 1264 2229 Beati

143 2264 231 2334 Galli
247 2285 350 2351 usqne
367 2268 410 2335 ad
426 2267 547 2336 festum
562 2267 601 2334 B.
617 2267 762 2355 Martim,
779 2275 813 2336 et
827 2269 953 2338 abinde
968 2287 1028 2355 per
1051 2269 1135 2338 duos
1160 2287 1264 2338 annos

144 2374 317 2446 oontinuos
344 2374 495 2444 duximus
520 2377 730 2462 statuendae,
755 2396 841 2462 quae
859 2377 1070 2447 adstabilem
1087 2378 1265 2448 obseruan-

143 2485 221 2552 tiam
237 2485 424 2554 earumdem
440 2491 506 2552 tem
522 2485 642 2554 nostrie
658 2505 756 2572 quarn
771 2487 886 2572 ipsius,
908 2505 1008 2572 quam
1032 2487 1132 2556 etiem
1152 2485 1266 2554 drobi·

143 2593 389 2682 episooporum,
413 2595 648 2682 Epieooporum
674 2604 707 2660 et
730 2596 896 2664 Beronum
921 2596 953 2662 in
977 2594 1075 2664 terris
1094 2595 1265 2680 utriusque

143 2710 289 2772 noenum
303 2703 497 2772 morantium
513 2702 619 2770 literis
635 2703 690 2770 rol
704 2701 975 2790 promissionibus
992 2701 1122 2772 fuerant
1136 2703 1264 2772 stabili·

144 2816 209 2898 teo,
226 2812 431 2898 interpositis
446 2811 673 2899 eorporalibus
690 2809 767 2879 lidei
783 2810 1000 2880 eaeremoniis
1019 2810 1148 2880 risibus
1172 2829 1263 2898 repe·

144 2919 223 3008 titis,
240 2927 275 2988 et
287 2920 487 2990 authenticis
503 2921 686 3007 privilegiis
702 2939 800 3008 super
816 2940 854 2988 eo
869 2917 1038 3006 praestitis
1048 2920 1124 2988 hine
1134 2919 1264 2990 atinde.

145 3030 212 3100 Sed
226 3030 300 3116 ipse
314 3032 386 3098 Rex
402 3028 470 3112 St,
495 3029 588 3114 eujus
602 3029 769 3098 stabilitas
785 3035 835 3096 eet
844 3077 853 3114 ,
870 3046 946 3098 esse
960 3028 1158 3113 instabilem,
1174 3035 1208 3096 et
1220 3027 1263 3097 li·

145 3137 213 3222 des,
238 3136 396 3222 perfidiae
420 3137 597 3222 deservire,
615 3140 701 3206 sieut
724 3143 819 3224 patet
845 3157 886 3204 ex
901 3155 1037 3222 operum
1052 3137 1265 3222 argumentis,

145 3265 210 3314 non
225 3247 424 3315 renunoiatis
441 3247 577 3334 treugis,
592 3245 688 3314 nobis
703 3267 769 3314 non
785 3245 955 3326 diffidatis,
979 3246 1075 3315 nobis
1090 3267 1155 3314 non
1170 3265 1265 3334 prae·

144 3355 287 3440 munitis,
312 3357 472 3442 nobisque
497 3356 543 3424 ull
569 3356 638 3423 tale
663 3353 865 3440 timentibus,
889 3353 949 3422 sed
973 3354 1015 3424 de
1034 3355 1181 3442 partibus
1196 3353 1265 3422 Ke-

145 3463 295 3552 rinthiae,
312 3463 509 3548 (larnioliae,
526 3471 559 3530 et
573 3463 750 3548 harchies,
767 3461 822 3531 ubi
849 3461 1008 3548 quosdam
1033 3462 1184 3532 infideles
1208 3483 1263 3530 no-

146 3577 242 3660 stros,
259 3575 314 3658 qni
331 3594 367 3642 se
384 3579 498 3643 eontra
513 3593 573 3642 nos
589 3575 623 3640 in
637 3571 851 3641 rebellionem
871 3577 1052 3658 erexerant,
1069 3571 1113 3640 ad
1129 3577 1262 3640 nostrae

147 3683 341 3752 retraximus
358 3683 534 3752 dominium
549 3683 733 3769 potestatis,
747 3680 807 3748 sub
823 3687 1011 3768 treugarum
1026 3687 1198 3767 praetextu
1213 3697 1264 3748 se·

147 3810 221 3859 oure
236 3809 349 3860 vernus
365 3793 528 3862 Austriam
554 3790 766 3878 dirigentibus
780 3793 843 3858 iter
866 3798 1023 3876 nostrum,
1048 3789 1175 3876 spinule
1198 3809 1264 3856 non

147 3901 233 3967 ultra
258 3899 470 3972 dissimulans
495 3899 663 3988 perfidiae,
688 3919 773 3985 quae
797 3899 897 3967 etiam
923 3899 957 3966 in
981 3901 1048 3966 suis
1073 3897 1263 3984 parentibus

149 4009 296 4077 exorauit
312 4009 502 4095 aliquando,
517 4009 616 4079 fidem
632 4010 744 4079 datam
769 4009 908 4096 violans,
931 4008 1165 4095 promissiones
1189 4007 1262 4073 irri-

149 4123 234 4204 tans,
252 4136 410 4190 concessa
425 4119 601 4205 privilegia
616 4118 833 4204 vilipendens,
845 4119 967 4186 dietam
982 4123 1102 4184 terram
1116 4121 1262 4182 nostram

150 4227 300 4294 lustriae
315 4228 544 4296 fraudulenter
561 4228 693 4312 invasit,
710 4228 744 4292 in
759 4229 833 4312 ipsa
848 4225 931 4312 proh
946 4225 1040 4294 dolor
1062 4243 1121 4312 per
1144 4223 1264 4290 Goma-

150 4353 209 4402 nos
226 4341 259 4402 et
274 4337 358 4404 alios
372 4335 523 4406 infideles
540 4335 661 4408 Christi
686 4335 852 4404 effundens
876 4332 1067 4424 profluvium
1092 4330 1263 4419 sanguinis

152 4441 340 4514 Christiani.
357 4443 472 4532 equis
489 4445 691 4515 Christianus
709 4443 867 4530 Prineeps
887 4445 985 4530 digne
1000 4463 1065 4510 non
1081 4440 1263 4528 eompatia-

152 4551 228 4620 tur?
246 4551 275 4621 0
291 4555 364 4639 quis
376 4552 567 4624 Catholicae
582 4553 750 4637 religionis
766 4553 891 4619 zelator
915 4551 1027 4620 merito
1051 4550 1173 4638 poterit
1196 4567 1262 4616 nou

158 4661 294 4739 dolere?
310 4665 398 4748 quod
411 4685 530 4736 manns
544 4663 696 4751 barbara,
711 4680 826 4732 manus
841 4657 969 4746 eanina,
979 4661 1013 4728 in
1028 4657 1119 4809 loeis
1126 4656 1264 4728 diversis

1046 4770 1086 4836 lt
