3270 5280
707 391 751 457 69

644 478 802 488 n—-a--—-

156 586 242 655 festo
278 585 525 655 Resurectionis
551 586 723 656 Dominice
753 606 864 656 coram
897 588 1068 659 conventu
1093 588 1288 658 Monasterii

157 695 273 764 Sancti
288 694 421 764 biardni
431 693 472 763 de
482 697 660 776 Pannonia,
671 715 841 783 quousque
851 697 944 766 iuxta
959 697 1141 786 predictum
1156 698 1286 767 modum

157 805 266 873 eidem
283 803 440 888 magistro
467 804 584 873 Ireueo
601 807 635 872 in
650 807 802 874 Ecclesia
817 806 984 876 Jauriensi
1000 806 1042 873 dc
1057 805 1218 892 dignitate
1233 809 1288 876 vei

155 919 357 1000 personatu,
383 919 441 980 aut
466 913 604 1000 capellis
634 913 820 981 huiusmodi
851 913 991 1000 predicti
1020 913 1144 983 valoris
1168 915 1287 1000 viginti

157 1023 305 1108 quinque
320 1040 503 1089 marcarum
519 1023 649 1109 argenti
665 1021 876 1109 provideatur
892 1043 964 1090 cum
981 1021 1109 1090 effectu.
1126 1022 1200 1102 Qua
1214 1043 1287 1111 pro-

157 1131 288 1198 visione
311 1129 428 1217 viginti
453 1129 596 1215 quinque
619 1150 803 1199 marcarum
829 1131 922 1200 iuxta
946 1132 1131 1218 predictum
1156 1129 1287 1199 modum

158 1238 251 1306 sacta
266 1239 428 1323 magistro
453 1237 568 1306 Ireneo
593 1239 734 1326 prefato,
751 1247 784 1307 et
799 1241 904 1326 ipsius
929 1241 1127 1329 provisionis
1147 1238 1287 1328 pacifica

157 1367 218 1435 per
244 1347 367 1415 dictum
391 1347 586 1432 magistrum
610 1349 761 1417 Ireneum
786 1351 997 1437 possessione
1022 1348 1163 1435 adepta,
1188 1348 1287 1416 iidem

157 1458 311 1526 dominus
338 1455 521 1543 Episcopus
549 1462 581 1524 et
606 1458 723 1526 Petrus
750 1465 866 1524 extunc
891 1480 912 1525 a
936 1457 1027 1526 dicta
1045 1455 1207 1544 pensione
1223 1455 1286 1524 XV

158 1584 345 1634 marcarum
356 1564 423 1631 sint
432 1565 562 1651 penitus
580 1565 744 1652 absoluti;
761 1565 820 1632 sed
831 1571 1007 1649 antequem
1024 1566 1054 1634 ei
1071 1565 1119 1634 sic
1134 1566 1169 1632 in
1185 1570 1285 1632 totum

159 1695 235 1745 cum
251 1672 369 1741 effectu
397 1673 565 1759 provisum
591 1673 697 1760 fuerit,
724 1681 756 1741 et
782 1675 1026 1761 possessionem
1042 1671 1213 1759 pacificam
1228 1675 1286 1741 ba-

159 1783 277 1866 buerit,
294 1781 400 1848 dictas
417 1781 480 1848 XV
496 1801 626 1850 marcas
643 1781 835 1868 persolvant
861 1783 892 1848 ei
917 1783 1098 1869 annuatim,
1113 1789 1148 1849 ut
1163 1782 1286 1850 dictum

161 1897 213 1958 est
228 1891 392 1975 superius,
410 1895 444 1956 et
459 1891 649 1975 persolvere
666 1895 846 1956 teneantur.
863 1891 899 1958 Si
914 1909 991 1958 vero
1007 1891 1171 1976 prefatum
1185 1889 1287 1959 domi·

157 2021 235 2069 uum
252 1999 451 2084 Episcopum
469 1997 613 2064 debitum
625 2005 741 2066 nature
760 2002 960 2084 persolvere,
977 1999 1032 2066 vel
1049 1999 1092 2067 ad
1108 1998 1209 2065 aliam
1225 1999 1286 2065 Ec·

157 2107 292 2178 clesiam
309 2105 479 2173 transferri
498 2107 677 2192 contingat,
695 2112 872 2191 antequam
889 2106 979 2174 dicto
994 2105 1153 2189 magistro
1169 2107 1285 2174 Ireneo

160 2217 194 2282 in
210 2216 302 2283 dicta
319 2212 471 2282 Ecclesia
481 2214 648 2281 Janriensi
660 2214 772 2281 taliter
781 2215 825 2281 sit
834 2216 1010 2300 provisum,
1027 2215 1112 2282 idem
1128 2214 1287 2296 magister

156 2325 276 2390 Petrus
303 2321 528 2390 detractibus
554 2325 587 2387 et
610 2323 824 2407 proventibus
849 2323 954 2408 ipsius
986 2319 1286 2390 Archidiaconatns

156 2431 266 2498 dictas
282 2429 344 2495 XV
360 2447 489 2495 marcas
514 2433 641 2515 argenti
658 2430 703 2496 ad
719 2429 807 2496 idem
832 2432 959 2517 pondus
975 2431 1008 2496 in
1025 2429 1110 2496 festo
1127 2431 1286 2498 Resurec·

156 2538 258 2605 tionis
288 2535 438 2622 predicto
469 2537 575 2604 eidem
611 2537 770 2620 magistro
797 2540 921 2620 Ireneo,
945 2539 1064 2606 nuncio
1090 2538 1144 2604 vel
1170 2557 1286 2623 procu-

157 2645 260 2714 ratori
284 2665 345 2712 suo
376 2645 446 2712 eius
471 2643 602 2711 nomine
633 2647 762 2729 integre
793 2647 984 2731 persolvat,
1010 2651 1043 2712 et
1068 2647 1199 2714 solvere
1225 2647 1285 2713 sub
1320 2733 1323 2739 ¹

157 2772 247 2840 pena
272 2752 456 2820 huiusmodi
481 2759 643 2839 teneatur,
661 2773 831 2838 quousque
852 2753 943 2821 iuxta
959 2755 1089 2822 modum
1105 2753 1286 2839 predictum

156 2863 372 2951 provideatur
388 2863 569 2948 eidemput
593 2861 712 2930 dictum
736 2871 787 2930 est
803 2865 963 2951 superius,
989 2884 1062 2931 cum
1087 2865 1213 2932 effectu.
1245 2863 1287 2930 Et

156 2972 220 3040 hec
246 2971 356 3038 omnia
382 2979 415 3037 et
441 2971 573 3056 singula
597 2974 659 3041 sub
684 2992 772 3060 pena
797 2982 830 3040 et
853 2974 957 3040 forma
988 2973 1022 3039 in
1053 2971 1286 3057 compromisso

157 3081 314 3167 apposita
344 3079 426 3164 fieri,
457 3079 631 3168 adimpleri
657 3088 691 3148 et
721 3083 890 3150 observari
915 3080 1064 3168 plenarie
1096 3080 1285 3148 arbitrando

155 3187 353 3276 precipimus
379 3195 412 3254 et
439 3189 626 3256 laudamus.
658 3190 775 3256 Actum
795 3197 829 3257 et
844 3191 1093 3276 pronunciatum
1119 3186 1209 3274 apud
1224 3187 1285 3256 Ur-

156 3299 231 3365 bem
249 3295 404 3363 Veterum
429 3297 462 3362 in
487 3296 630 3380 bospitio
656 3302 787 3384 nostr03
813 3298 1022 3383 presentibus
1048 3297 1147 3364 dictis
1167 3297 1285 3363 Ireneo

158 3415 191 3473 et
207 3407 317 3490 Petro,
334 3411 369 3502 et
382 3403 445 3472 biis
455 3407 614 3474 testibus:
630 3403 819 3472 Venerabili
829 3415 924 3494 patre
935 3406 1067 3475 domino
1084 3405 1122 3472 Α.
1138 3403 1201 3470 Dei
1211 3423 1286 3489 gra·

156 3517 205 3582 tia
231 3513 396 3600 Episcopo
417 3511 616 3598 Urgellensi,
647 3513 805 3598 magistro
830 3514 1001 3582 Thimoteo
1025 3511 1138 3579 Electo
1164 3511 1285 3594 Zagru-

156 3622 278 3706 biensi‚
302 3621 461 3704 magistro
486 3622 678 3690 M.Decano
703 3623 866 3708 Burgensi
891 3623 1005 3690 Electo
1030 3621 1228 3705 Tholobana
1253 3625 1288 3685 et

158 3732 319 3818 magistro
345 3730 526 3798 Guilbelmo
542 3731 714 3818 Proposito
730 3732 843 3814 Sancti
860 3730 1015 3797 Antonini
1031 3728 1228 3810 Placentini,
1254 3731 1287 3794 ct

158 3841 318 3924 magistro
349 3839 387 3905 V.
422 3837 544 3924 Priore,
576 3837 700 3922 Ortano
732 3839 921 3908 Camerario
946 3847 1068 3924 nostro,
1094 3836 1285 3925 capellanis

168 3946 291 4017 domini
308 3949 411 4034 Papo,
434 3949 635 4017 Thomasino
650 3949 799 4032 Nautio,
819 3947 979 4015 Jacobino
995 3948 1126 4031 clerico,
1144 3946 1286 4014 familia·

158 4058 248 4124 ribus
273 4057 413 4141 nostris,
440 4064 473 4124 et
497 4057 645 4143 pluribus
671 4057 747 4123 aliis
772 4055 911 4125 testibus
936 4055 979 4122 ad
1005 4055 1068 4124 hoo
1098 4053 1287 4142 specialiter

158 4165 287 4234 vocatis
313 4172 345 4232 et
371 4167 509 4252 rogatis.
541 4167 636 4234 Anno
661 4164 793 4235 Domini
821 4163 1040 4250 nectunt,
1072 4164 1286 4232 Pontificatns

159 4275 282 4342 domini
299 4271 424 4341 Urbani
443 4277 533 4360 Pape
548 4274 626 4341 IIII.
642 4293 729 4342 anno
740 4275 845 4358 tertio,
861 4273 1045 4344 indictione
1060 4275 1126 4358 vt,
1142 4272 1197 4340 dia
1211 4269 1284 4338 VII.
1305 4351 1308 4360 Ι

158 4383 312 4452 intrantis
328 4381 530 4451 Decembris.
832 4371 836 4380 ’

266 4495 304 4560 In
321 4493 414 4560 cuius
439 4493 486 4562 rei
499 4491 734 4572 ¹testimoninm
750 4509 887 4578 presens
906 4490 1071 4574 publicum
1088 4490 1286 4558 instrumen-

157 4608 225 4669 met
241 4601 314 4669 fieri
330 4601 477 4687 fecimus,
497 4611 530 4670 et
546 4602 648 4688 sigilli
665 4601 768 4671 nostri
785 4601 963 4668 munimine
981 4600 1138 4668 roborari.
1164 4601 1206 4666 Et
1222 4619 1284 4684 ego

158 4711 311 4797 Aniugus
338 4712 380 4778 de
405 4711 566 4798 Fabiano,
597 4713 719 4780 Sancte
745 4713 893 4778 Romane
913 4710 1063 4779 Ecclesie
1080 4707 1285 4791 Scriniarius,
