3230 5268
569 331 767 440 Α.

102 559 184 624 rpse
200 539 291 606 idem
312 537 499 605 Corrsrdus
514 556 573 623 per
598 554 659 602 nos
685 544 838 618 presente
855 531 1149 621 iratreJCregorio,
1167 541 1246 605 tune

102 653 263 732 ternpore
287 648 446 731 Magistro
472 643 570 711 Curie
594 643 761 710 inferioris
788 644 944 713 Eeolesie
968 644 1086 712 Seneti
1110 639 1244 714 Manent

106 755 329 840 supradicte,
354 760 460 820 utrum
487 771 547 837 per
572 751 690 819 iratres
715 771 793 818 snos
819 759 852 818 et
877 751 1131 834 generaeiouem
1151 769 1246 819 snam

107 863 355 944 eontradiooio,
382 879 440 927 sen
466 861 595 944 signum
621 859 851 942 impedieionis
876 857 1010 926 racione
1034 864 1122 926 terre
1139 865 1173 929 st
1189 858 1247 926 do·

104 991 238 1036 morum
252 969 350 1036 fuerit
365 968 530 1052 imposita,
548 968 601 1034 vel
619 965 734 1050 iliata;
751 963 845 1050 dixit,
862 965 949 1050 quod
964 963 998 1032 in
1014 967 1105 1035 nulio
1122 965 1246 1053 abjali·

106 1095 176 1160 qno
193 1077 294 1142 inerit
309 1077 498 1161 impeditus.
516 1071 567 1138 Ne
583 1073 683 1156 igitur
699 1092 759 1157 per
774 1093 970 1158 quemquam
987 1075 1091 1161 ipsius
1101 1073 1244 1146 donaoio

108 1193 146 1250 st
171 1183 352 1269 disposicio
369 1181 529 1248 solutoris
545 1197 702 1266 proeessu
719 1187 899 1265 temporum
916 1184 1023 1266 possit
1039 1182 1159 1250 irritari
1175 1231 1183 1266 ,
1210 1191 1245 1252 st

107 1294 288 1358 maliciose
302 1288 540 1377 perseeutione
554 1289 754 1373 defraudari,
771 1292 815 1356 sd
831 1291 1027 1356 instanciam
1052 1297 1086 1357 et
1109 1291 1246 1374 petitio·

105 1421 185 1467 nem
207 1399 408 1483 condignam
421 1399 491 1483 jam
509 1397 588 1465 dieti
604 1397 741 1464 Comitis
757 1397 909 1464 Corrardi
926 1406 1093 1482 presentes
1109 1417 1244 1468 eonoes·

110 1507 216 1572 simus
235 1507 365 1572 litteras
381 1506 484 1591 sigilli
500 1507 605 1573 nostri
620 1506 796 1572 muninime
811 1505 994 1573 roboratas.
1018 1505 1139 1574 Datum
1155 1525 1243 1574 suno

109 1613 248 1682 Domini
266 1613 326 1680 iiii.
338 1613 418 1680 00⁰.
431 1614 638 1697 sexagesimo
655 1616 804 1701 septimo.
815 1613 948 1682 Simone
963 1615 1147 1703 Proposito,
1156 1617 1240 1684 Asn-

112 1723 167 1790 ria
182 1723 349 1808 Contere,
374 1722 486 1790 Hante
502 1721 665 1808 Custode,
682 1719 846 1790 michaele
861 1724 997 1790 Deoano
1013 1724 1239 1793 existentibus.

275 1933 424 2008 (Eredeu'e
434 1951 452 1992 s
462 1941 545 1995 ssent
557 1935 683 1996 mimoni
694 1933 850 2010 iiispstssg
859 1934 1082 2006 resumebas.)

665 2806 735 2874 114.

109 3019 137 3087 Α
150 3023 347 3110 pecentiradi
362 3023 495 3088 teneone
511 3021 708 3110 bizonysripot
724 3034 787 3090 teas
801 3023 900 3108 arrei,
926 3024 1004 3110 bossy
1018 3045 1040 3088 a
1058 3023 1238 3090 tumeat

108 3134 186 3216 aptit
202 3129 323 3195 Petord
337 3135 481 3197 menesetis'
489 3115 606 3216 pusato
615 3131 738 3221 fiildjet
754 3136 906 3220 Boranya
914 3131 1146 3218 eormeqptbert,
1155 3131 1237 3216 moly

107 3238 306 3305 ezemmtsrtie
321 3239 435 3303 ezeriut
450 3239 495 3302 20
512 3239 625 3326 ekeuyi
639 3242 776 3323 lehetett,
793 3241 904 3304 Bo'dor·
918 3237 1059 3325 propinat
1067 3286 1077 3321 ,
1101 3238 1237 3302 Lerina

108 3347 213 3412 addon·
237 3344 465 3429 olbirojdanie,
491 3347 536 3410 60
558 3350 680 3432 pircie'rt
699 3347 809 3412 briikre
836 3347 984 3431 eladta,e
1006 3345 1236 3434 epyeeersmiud

304 3475 376 3518 ezerr
386 3451 465 3538 feld
479 3453 609 3518 itatcirdt
623 3457 800 3523 re'ezletesen
816 3455 921 3543 leirp'a.
944 3453 1042 3519 1267.

218 3666 408 3738 Consentes
432 3671 625 3756 Monasterij
658 3669 885 3739 waradiensis
916 3669 1079 3739 uniuersis
1110 3667 1233 3739 Christi

108 3773 258 3842 fidelibus
275 3779 484 3862 presentibus
500 3780 623 3864 pariter
650 3788 682 3845 et
697 3780 814 3848 suturis
831 3787 1002 3866 presentes
1026 3778 1157 3846 litteras
1181 3777 1233 3844 in·

109 3884 274 3967 spectaris
299 3887 439 3952 salntem
465 3888 500 3954 in
516 3889 654 3955 Domino
671 3891 916 3975 sempiternam.
938 3890 990 3956 Ad
1006 3889 1231 3954 rniuersorurn

107 3993 265 4059 noticiam
282 3999 398 4060 tenore
414 3998 621 4079 presencium
639 3999 790 4068 volumus
805 4000 988 4084 peruenire,
1014 3995 1100 4080 quod
1114 3997 1166 4064 vir
1180 4015 1229 4063 re-

107 4101 255 4185 ligiosus,
273 4099 376 4168 frater
392 4103 505 4183 Filius,
522 4104 637 4172 Abbas
654 4105 845 4190 Monssterij
863 4105 1105 4188 Saxardiensis,
1131 4103 1232 4172 irater

108 4209 269 4278 Martinus
286 4209 416 4294 Custos,
434 4211 536 4279 frater
553 4215 669 4280 Petras
686 4217 728 4281 de
745 4217 915 4285 Conuentu
931 4213 1147 4285 Saxardieusi
1171 4233 1231 4301 pro

108 4335 153 4402 se,
171 4325 205 4383 et
220 4333 283 4402 pro·
306 4327 376 4386 toto
403 4320 572 4388 Conuentu
599 4322 817 4390 Saxsrdiensi
841 4343 914 4392 eum
929 4323 1165 4408 proenratorijs
1180 4321 1231 4389 lit-

108 4426 188 4491 teris
206 4425 350 4493 eiusdem
369 4427 570 4514 Conuentus,
588 4429 706 4497 Comes
723 4431 812 4498 Zaeh
833 4429 987 4498 offleinlis
1014 4429 1095 4498 dieti
1118 4429 1230 4495 Mona·

106 4533 201 4620 sterij
218 4534 260 4602 de
276 4535 415 4619 Sexard,
434 4537 604 4626 Cynlmaz,
621 4539 745 4623 Bngzn,
761 4540 918 4608 Nieolsus
937 4539 1023 4607 filius
1047 4539 1151 4623 Pekn,
1162 4535 1232 4623 My·

99 4642 164 4710 keu
190 4643 278 4712 iilius
306 4643 465 4734 eiusdem,
492 4647 693 4734 Timotheus,
711 4647 885 4732 Kelemen,
914 4651 1032 4736 Zeme,
1060 4648 1230 4719 Emerious
