3270 5280
392 1215 424 1282 A
440 1217 721 1302 utto-fetentes
737 1221 895 1305 lrdptalan
919 1205 1106 1311 binonye‘tja,
1123 1223 1204 1312 lopy
1219 1247 1240 1288 a
1255 1224 1333 1290 Rad
1346 1225 1519 1308 bomestede

392 1325 515 1413 uebdny
531 1331 634 1414 tquai
653 1329 738 1397 Tord
753 1333 833 1396 nsee's'
848 1330 1028 1397 birtokuleot
1052 1356 1072 1396 u
1085 1331 1316 1418 punooobelms'
1339 1334 1520 1418 updtsdpra

788 1435 987 1504 dtmbdztdlc.
1012 1439 1110 1504 1261.

500 1631 686 1718 Capitulum
701 1635 859 1702 Albensis
876 1635 1026 1703 lloelesie
1041 1636 1204 1705 uniuersis
1217 1635 1341 1704 Christi
1364 1632 1520 1701 fidelibus

393 1739 598 1825 presenoium
624 1739 865 1826 inspeotoribus
891 1743 1033 1810 sulutem
1057 1745 1090 1810 in
1117 1745 1255 1810 Domino
1273 1743 1519 1829 sempiternam.

395 1845 466 1911 Etsi
499 1845 674 1914 humanam
691 1848 849 1933 pietatem
864 1851 982 1917 salutis
992 1851 1166 1936 desiderio,
1179 1859 1369 1936 terroreque
1379 1847 1518 1918 extremi

393 1951 505 2019 iudioii
530 1963 734 2038 pronooente
751 1975 863 2023 omues
879 1956 1049 2025 Eoolesias
1064 1957 1329 2046 possessionibus
1345 1958 1452 2025 ditare
1471 1962 1517 2022 te·

393 2067 547 2127 serentur
567 2062 732 2144 uniuersi,
759 2061 824 2129 illis
849 2064 1054 2149 potissimum
1081 2067 1332 2134 elemosinarum
1359 2063 1519 2146 largitate

393 2165 513 2234 edesse
529 2167 628 2234 debet
643 2169 882 2254 enusquisque,
899 2168 945 2237 ed
960 2189 1042 2254 quoe
1058 2179 1091 2238 et
1106 2170 1245 2238 donacio
1262 2171 1517 2258 progenitorum,

394 2281 427 2339 et
442 2277 591 2359 reoepeio
609 2275 818 2344 devotionem
835 2281 936 2362 suget
950 2277 1142 2362 ampliorem
1168 2279 1328 2346 eommodi
1352 2283 1519 2362 tempora·

393 2381 446 2447 lis.
479 2379 529 2447 lla
544 2383 706 2465 siquidem
722 2383 988 2451 consideracione
1005 2385 1100 2452 Raed
1117 2383 1202 2451 lilius
1219 2381 1360 2451 Emerioi
1369 2434 1379 2470 ,
1396 2382 1517 2452 Gornel

393 2486 477 2555 filius
494 2487 595 2578 Lueu,
624 2497 657 2559 et
672 2491 786 2560 Oorlat
811 2490 897 2557 lilius
921 2491 1067 2560 eiusdem
1093 2493 1134 2560 de
1159 2511 1278 2576 genere
1294 2491 1389 2559 Rsud
1406 2511 1518 2560 eorem

393 2594 489 2663 nobis
506 2599 722 2686 personaliter
738 2599 905 2667 constituti
921 2607 1180 2686 proposuerunt,
1205 2601 1292 2683 quod
1308 2619 1380 2666 oum
1396 2617 1519 2685 proge-

393 2703 516 2775 nitores
539 2707 683 2791 ipsorum
699 2709 732 2775 in
750 2717 942 2795 perpetuom
959 2709 1172 2777 elemosinam
1197 2708 1396 2776 monasterio
1422 2707 1520 2775 Beati

393 2813 525 2880 Martini
541 2814 582 2884 de
599 2815 701 2882 Sauro
717 2817 827 2884 Monte
843 2815 1011 2885 Pannonio
1028 2816 1222 2903 exeipiendo
1233 2819 1274 2884 de
1284 2816 1425 2901 quadum
1442 2836 1519 2902 pos·

393 2922 540 2990 sessione
557 2941 617 2998 sua
634 2923 726 2992 Tord
741 2931 931 3009 nuneupntn
947 2921 1114 3007 quandum
1139 2925 1335 3010 partienlam
1360 2925 1518 2992 eontulis-

394 3035 478 3112 sent,
496 3037 528 3095 et
544 3030 751 3116 postmodum
767 3031 833 3116 ipsi
849 3031 954 3120 Rssd,
972 3031 1091 3102 cornel
1108 3039 1140 3099 et
1157 3031 1312 3100 (lorletin
1338 3031 1518 3116 spirituali·

394 3135 456 3202 bns
486 3141 520 3203 et
550 3137 656 3203 eoiem
681 3139 918 3224 temporalibus
944 3139 1125 3210 subsidium
1150 3141 1296 3209 eiusdem
1324 3141 1519 3208 monasterii

395 3244 462 3310 suis
478 3243 513 3310 in
528 3245 783 3313 necessitatibus
799 3249 962 3314 senserint
976 3255 1011 3314 vt
1027 3248 1168 3333 petroni,
1184 3249 1271 3317 adeo
1286 3253 1322 3313 vt
1331 3249 1519 3314 imminente

395 3352 534 3433 quodam
550 3351 674 3437 debito,
691 3353 807 3420 Abbes
823 3363 856 3423 et
871 3356 990 3423 iratres
1007 3356 1153 3422 eiusdem
1177 3355 1370 3440 monosterii
1398 3357 1440 3422 de
1463 3373 1520 3441 pe-

393 3460 490 3527 ounie
506 3461 695 3547 monesterij
721 3460 809 3530 dioto
825 3462 921 3530 Reed
946 3463 1064 3548 viginti
1090 3481 1241 3548 mareas,
1267 3461 1422 3531 Cornelio
1439 3483 1518 3530 vero

395 3575 426 3634 et
457 3566 524 3637 lilio
556 3586 616 3635 suo
647 3568 806 3655 predietis
852 3569 994 3638 sedecim
1027 3591 1156 3642 meroes
1196 3570 1405 3639 familiariter
1429 3569 1522 3638 obtu-

392 3675 509 3762 lerint,
526 3682 558 3742 et
573 3676 607 3743 in
623 3677 699 3745 eliis
715 3677 882 3764 plerisque
907 3680 957 3746 eis
983 3679 1144 3751 benefioia
1169 3677 1341 3746 innumera
1365 3681 1520 3762 prestite-

393 3784 476 3868 rint;
493 3783 642 3854 volentes
659 3805 718 3872 pro
734 3787 878 3873 reoeptis
895 3789 1076 3857 commodis
1091 3789 1134 3854 ab
1160 3787 1233 3874 ipso
1260 3785 1460 3853 monasterio
1488 3794 1522 3852 et

393 3891 609 3978 vtilitntibus,
626 3900 659 3960 et
674 3891 783 3961 udbue
800 3895 832 3960 in
849 3896 993 3964 futurum
1009 3895 1209 3982 recipiendis
1225 3894 1342 3962 merito
1368 3912 1516 3961 remune-

392 3999 538 4068 rsoionis
569 4001 684 4068 bronio
714 4004 913 4088 propensius
938 4005 1160 4091 respondere,
1202 4009 1306 4069 totam
1337 3999 1519 4086 predictam

393 4109 637 4195 possessionem
653 4108 743 4177 Tord
757 4111 853 4179 metis
867 4111 1121 4195 oireumqueque
1147 4129 1206 4198 per
1231 4109 1390 4176 ambitum
1416 4109 1521 4175 uallu-

392 4223 479 4302 tem,
496 4216 579 4283 nihil
595 4217 677 4284 iuris
693 4237 752 4284 seu
767 4217 936 4306 poroionis
952 4218 1016 4286 sibi
1032 4223 1251 4298 reseruanles,
1270 4235 1344 4283 eum
1369 4215 1521 4283 omnibus

392 4322 590 4391 utilitatibus
605 4325 675 4391 suis
692 4335 725 4393 et
740 4327 977 4411 pertinenoiis,
991 4325 1085 4393 siluis
1100 4320 1274 4406 videlieet,
1302 4321 1408 4409 terris,
1431 4321 1522 4390 iene-

392 4431 456 4515 tis‚
476 4427 595 4499 sitibus
612 4434 796 4518 curiorum,
821 4436 957 4520 piselnis
982 4440 1015 4501 et
1029 4435 1107 4502 eliis
1122 4454 1162 4501 oo
1179 4433 1269 4500 omni
1284 4433 1375 4516 iure,
1402 4439 1436 4498 et
1461 4429 1522 4497 sub

392 4538 518 4607 eisdem
533 4533 629 4607 metis
641 4589 650 4626 ,
677 4541 793 4624 quibus
810 4543 874 4630 ipsi
898 4551 932 4611 et
955 4541 1183 4628 progenitores
1211 4541 1354 4626 ipsorum
1381 4533 1519 4624 pnoifiee

391 4649 611 4733 possederunt
626 4654 660 4716 et
675 4654 804 4736 quiete,
825 4653 947 4737 partim
958 4702 968 4737 ,
994 4658 1030 4716 vt
1045 4649 1206 4736 diximus,
1224 4667 1282 4734 pro
1307 4665 1434 4714 summe
1457 4665 1513 4733 pe·
