3230 5268
3 1147 4 1150 Ὺ
102 1189 254 1254 ursos
280 1188 371 1272 uper
395 1185 568 1274 uocatque,
593 1186 653 1252 JV.
670 1187 750 1250 eru
765 1186 870 1274 uersu
886 1187 1007 1274 raupa,
1024 1190 1221 1276 summoue

287 1295 353 1360 coele
369 1294 571 1381 kirrilyue‘lroz
587 1296 743 1382 otyjdoalt
757 1294 927 1360 lraldlrtrol.
948 1297 1044 1362 1270.

216 1495 412 1578 Laorpmosa
438 1490 559 1558 doloris
586 1491 767 1576 moestitia,
793 1511 858 1574 qna
883 1511 993 1559 sumus
1009 1512 1049 1560 ex
1066 1491 1154 1560 obitu
1171 1514 1222 1560 oa·
1335 1532 1338 1540 »

2 1657 3 1671 r
106 1602 233 1668 tissimi
248 1601 369 1668 domini
385 1606 417 1664 et
433 1599 588 1684 genitoris
604 1599 705 1666 nostri
721 1597 821 1684 Regis
838 1596 1005 1684 Ungariue
1016 1600 1222 1668 serenissimi

107 1711 216 1776 seticis
241 1709 425 1791 memoriae,
451 1715 486 1773 tu
510 1727 570 1793 pro
598 1713 697 1792 nepte
722 1719 754 1774 et
778 1724 837 1773 nos
863 1707 1014 1792 profilia,
1031 1708 1219 1793 exorbatae,

105 1818 182 1905 pari
208 1815 442 1903 compassionis
459 1815 704 1901 perturbatione
722 1815 906 1884 vulneravit
921 1815 1151 1883 intimatordis
1167 1837 1222 1884 no·

107 1923 179 2006 stri,
204 1933 238 1990 et
263 1923 348 2009 quod
378 1925 482 2010 magis
511 1945 570 1991 nos
586 1925 757 2012 perturbat
772 1932 833 2010 est,
849 1924 935 2008 quod
950 1945 972 1990 a
987 1927 1155 2012 primaeva
1170 1946 1224 1995 ae·

1 2101 2 2106 ,
109 2039 181 2100 tate
193 2039 225 2098 te
236 2034 480 2100 eteorissimam
496 2053 640 2102 sororem
657 2041 800 2101 nostram
817 2043 953 2102 matrem
969 2041 1058 2101 tuam
1068 2035 1223 2102 visitandi

106 2143 205 2212 nubis
231 2163 295 2210 non
321 2141 413 2210 dedit
440 2144 536 2230 eopia
561 2143 759 2210 fucultatem.
778 2141 872 2212 Unde
888 2141 1035 2230 petimus,
1052 2144 1224 2211 carissima

105 2253 302 2320 matertera!
328 2259 363 2318 ut
387 2251 430 2318 ad
453 2252 515 2318 hoo
532 2251 647 2318 nitaris
664 2251 813 2318 odioaeia
829 2252 989 2338 diligenti,
1007 2251 1036 2316 si
1053 2251 1160 2338 possis
1177 2254 1223 2318 in-

106 2360 227 2428 ducere
251 2359 345 2426 tilioli
370 2359 597 2429 exhortatione
622 2357 820 2444 praedictam
845 2379 989 2428 sororem
1016 2366 1172 2444 nostram,
1188 2365 1224 2428 nt

104 2488 165 2536 nos
189 2468 405 2556 praesentiali
433 2469 621 2538 visitatione
644 2487 817 2555 possemus
842 2469 982 2536 inrioem
1006 2469 1158 2554 salutare,
1179 2469 1223 2534 ad

107 2575 192 2660 quod
218 2576 405 2661 aspiramus
432 2583 500 2646 toto
519 2576 684 2646 desiderio
700 2576 808 2645 oordis
825 2579 934 2662 nostri,
952 2585 1126 2664 sperantes
1142 2577 1222 2646 dile·

102 2685 208 2750 ctione
225 2691 336 2752 mutua
351 2683 505 2753 similiter
521 2705 581 2753 nos
598 2683 711 2752 teneri.

494 2879 635 2954 (Palaoky
646 2898 673 2936 u.
687 2899 713 2938 o.
726 2881 787 2936 280.
801 2879 832 2952 l.)
