3250 5268
573 409 732 518 —1-42

85 608 366 677 commensalibus
383 614 417 676 et
440 606 608 696 discipulis
625 607 811 696 prelegavit
821 659 830 694 ,
856 625 1019 696 quemque
1033 625 1209 694 resurgens

83 737 107 783 ι
121 717 262 784 mortuis
279 723 313 784 et
328 715 453 784 eisdem
468 717 637 802 geminata
651 715 930 801 pronunciuoione
941 735 1208 802 commemorans,

84 847 125 896 eo
143 827 255 914 magis
271 826 315 894 ab
332 823 480 892 omnibus
497 823 763 913 amplectandam
785 823 934 909 edocuit,
955 843 1020 910 quo
1037 823 1209 910 celebrius,

83 956 150 1022 quo
176 933 389 1019 frequencius
415 934 592 1022 primitivis
618 933 767 1002 Ecclesie
787 935 909 1003 Sancte
934 933 1084 1022 patribus
1109 934 1211 1004 votuit

85 1042 332 1114 commendere.
347 1040 445 1112 Unde
461 1062 522 1113 nos
544 1044 648 1133 ipsius
664 1046 696 1112 io
712 1043 812 1112 terris
829 1045 899 1112 eius
924 1045 1139 1130 dispositione
1155 1043 1210 1114 Vi·

86 1155 182 1242 ourii,
199 1157 280 1222 lieet
294 1153 456 1240 immeriti,
473 1154 853 1242 specialiteroonetitnti,
870 1150 969 1240 digne
987 1173 1104 1244 peoem
1123 1154 1212 1224 unri-

86 1264 210 1333 stiuoi‘s
227 1263 377 1330 omnibus
393 1261 606 1342 affectemus,
631 1271 664 1330 et
680 1263 768 1331 circo
784 1282 825 1331 ιι
840 1263 972 1332 ιοΙιίιίιί
988 1282 1100 1332 sumus
1114 1261 1213 1350 pluri·

88 1392 178 1440 mum
197 1379 231 1440 et
247 1373 375 1456 attenti,
391 1391 547 1460 perque,
573 1373 643 1440 Deo
658 1372 816 1460 propitio,
833 1372 1006 1462 provenire
1028 1371 1156 1458 valent,
1172 1391 1214 1442 ιι

85 1481 260 1552 summotis
287 1481 487 1568 obstaculis,
506 1482 639 1550 illibate
662 1481 808 1568 servari,
833 1481 1084 1570 superadunatis
1100 1480 1212 1552 volun·

86 1597 195 1662 tatum
212 1592 432 1662 divisionibus
457 1593 599 1662 libenter
614 1591 796 1662 adicientes
817 1591 1041 1679 Apostolioam
1064 1591 1213 1661 munimi-

87 1691 138 1772 nis
156 1703 368 1788 firmitatem,
383 1711 419 1770 nt
435 1703 654 1788 tranquillitas
668 1707 779 1772 nostro
796 1705 952 1774 roborata
967 1702 1113 1791 presidio
1129 1703 1213 1770 inte·

87 1815 219 1880 morata
236 1813 397 1880 consistat
413 1819 446 1880 et
461 1810 695 1880 inviolabiliter
720 1813 911 1880 observetur
928 1835 936 1878 :
960 1812 1120 1899 precipue
1134 1830 1214 1880 vero

89 1943 162 1990 curn
180 1923 264 1988 inter
280 1921 387 2008 Reges
403 1921 511 2006 egitur
527 1920 575 1988 sic
592 1941 751 2006 annexos,
776 1921 864 2006 qnod
878 1922 1030 1990 naturale
1046 1919 1143 1988 ledus
1158 1920 1214 1988 vix

89 2027 253 2118 permittit
278 2029 362 2096 inter
387 2049 446 2098 ιιι
462 2013 640 2098 scintillans
664 2027 832 2102 discordie
852 2030 1024 2118 suspicari.
1049 2031 1138 2098 Sene
1154 2029 1210 2098 du·

88 2137 165 2206 dnm
183 2138 270 2205 inter
286 2139 476 2206 carissimos
492 2139 525 2206 in
542 2138 674 2208 Christo
690 2137 776 2208 lilios
800 2145 943 2226 nostros,
959 2139 1076 2208 Belem
1093 2145 1128 2206 et
1142 2137 1214 2208 Ste-

88 2248 246 2334 phanum,
263 2247 511 2336 primogeuitum
528 2248 640 2336 ipsine,
657 2251 783 2318 Ducem
803 2248 1060 2318 Transilvannm
1069 2297 1080 2334 ,
1105 2247 1214 2336 Reges

89 2355 242 2444 Ungarie
257 2357 427 2442 Illustres,
449 2355 548 2444 gravi
572 2356 740 2428 discordia
760 2359 941 2444 suscitata,
957 2357 1092 2428 tandem
1115 2357 1215 2426 iidem

90 2467 200 2552 Reges
218 2465 341 2534 Divina
367 2471 565 2552 cooperente
589 2465 697 2552 gratia
720 2467 805 2535 inter
829 2487 867 2536 se
881 2465 927 2536 ad
940 2486 1058 2554 paoem
1083 2471 1117 2534 et
1141 2484 1215 2534 oon·

90 2574 237 2644 cordiam
254 2571 465 2659 devenerunt,
483 2574 582 2643 certis
597 2574 706 2664 puetis
723 2575 810 2644 inter
826 2575 1000 2660 consisilio,
1017 2571 1061 2644 ad
1080 2593 1215 2658 quorum

89 2681 357 2750 observationem
383 2683 523 2770 predicti
538 2683 647 2770 Reges
663 2701 763 2772 snper
783 2683 844 2751 hoo
859 2685 1082 2754 asminxernnt
1097 2703 1134 2752 se
1143 2731 1154 2768 ,
1170 2683 1213 2752 eb

89 2811 200 2858 eornm
218 2791 375 2859 alterutro
391 2791 554 2880 corporali
570 2791 706 2878 prestito
718 2793 911 2880 iuramento,
928 2799 1030 2878 prout
1043 2791 1079 2860 in
1095 2793 1215 2862 litteris

90 2899 170 2968 inde
187 2897 348 2970 conlectis
364 2899 478 2986 Regiis
494 2901 613 2986 sigillis
629 2901 762 2972 munitis
777 2901 909 2990 plenius
926 2902 1121 2972 continetur.
1146 2901 1214 2970 llos

91 3010 206 3097 itaque
220 3011 347 3100 Regum
363 3013 510 3102 ipsorum
526 3011 819 3102 supplicationibus
838 3012 996 3101 inclinati,
1012 3010 1102 3102 qnod
1117 3002 1215 3096 super

91 3118 156 3188 lico
173 3119 219 3189 ab
236 3121 285 3190 eis
301 3121 425 3201 laetum
441 3129 501 3204 est,
517 3129 623 3190 ratum
639 3129 672 3190 ιι
686 3121 812 3190 firmum
837 3121 1009 3210 habentes,
1025 3120 1061 3190 id
1075 3117 1215 3188 auctori-

92 3235 163 3297 tate
187 3231 380 3318 Apostoliea
405 3230 633 3301 confirmamus
659 3238 692 3300 et
706 3231 869 3318 presentis
893 3232 1008 3319 scripti
1032 3226 1215 3318 patrocinio

95 3339 326 3408 communimus
342 3363 350 3406 :
368 3339 416 3412 ita
433 3348 553 3426 temen,
569 3339 657 3428 quod
671 3361 730 3428 per
749 3340 811 3408 lroc
826 3340 973 3409 libertati
989 3337 1216 3408 ecclesiastice

98 3454 129 3515 et
146 3447 366 3518 iurisdietioni
382 3469 598 3538 personarum
617 3451 916 3520 ecclesiasticarum
933 3447 1059 3518 nullum
1073 3443 1216 3536 preludi-

96 3555 181 3626 cinm
198 3564 381 3644 generetur.
397 3557 546 3629 Tenores
561 3565 672 3630 autem
691 3558 876 3626 litterarum
891 3559 1038 3646 ipsarum
1054 3555 1096 3624 de
1112 3556 1214 3626 verbe

96 3665 139 3734 ad
155 3667 294 3737 verbnm
310 3669 519 3756 presentibus
535 3667 671 3736 lecimus
687 3667 859 3752 annotari3
877 3667 932 3752 qui
948 3668 1033 3736 tales
1049 3672 1135 3734 snnt.

203 3775 314 3846 Tener
328 3779 513 3847 litterarum
529 3777 632 3866 ipsius
650 3775 751 3863 Regis
767 3777 848 3846 Bele
863 3775 942 3845 telis
960 3771 1011 3845 et:

202 3885 366 3956 llosBela
375 3887 558 3976 Deigracia
567 3889 638 3956 Rex
647 3886 862 3975 Unguriestb.
873 3899 959 3974 (mint
967 3900 1167 3962 fenebbeeor.
1175 3901 1214 3976 ι.)

203 3993 313 4064 Tenor
328 4017 405 4067 vero
420 3997 605 4066 litterarum
622 3997 768 4066 eiusdem
778 3995 879 4084 Regis
891 3996 1050 4082 Stephani
1060 3987 1213 4066 esttalie':

203 4107 274 4176 Nos
299 4107 487 4196 Stephanus
512 4109 575 4178 Dei
604 4109 720 4196 gracia
743 4110 860 4180 Junior
884 4109 956 4178 Rex
980 4106 1126 4194 Ungorie
1150 4111 1213 4206 ιιι.

93 4211 178 4286 (mint
191 4210 298 4270 fenebb
311 4215 356 4270 92.
372 4232 412 4271 ιι.
432 4215 471 4287 ι.)

204 4307 296 4375 Nulli
312 4327 390 4394 ergo
407 4315 467 4376 ιιι
484 4315 595 4379 ιοιιιι
611 4307 867 4378 confirmationis
883 4313 944 4376 eto.
968 4307 1091 4376 Datum
1106 4307 1211 4408 viter.

88 4409 142 4483 ¹bii
157 4413 200 4484 X.
218 4413 296 4485 Kal.
313 4416 395 4488 lulli
412 4417 643 4507 (Pontificatus
659 4415 780 4506 nostri)
795 4437 882 4485 anno
899 4415 1053 4486 seeundo.
1157 4447 1158 4450 ¹

203 4527 243 4595 In
252 4547 282 4595 e.
293 4547 334 4596 m.
346 4547 406 4616 pro
417 4529 585 4618 Stephano
591 4527 713 4616 juniori
724 4527 813 4614 Rege
822 4527 967 4616 Ungarie
977 4533 1052 4598 sunt
1066 4525 1215 4600 obtento·

182 4670 243 4746 (tv.
256 4671 398 4736 Kelemen
408 4674 487 4750 pepe
497 4671 695 4752 Regertdibol,
705 4673 831 4732 'l'lreiner
844 4673 881 4732 id.
900 4691 936 4734 nr·
949 4673 972 4732 1.
983 4673 1013 4732 k.
1025 4673 1090 4734 284.
1102 4674 1135 4748 l.)
1180 4675 1187 4686 '

553 4798 760 4810 n—-uo-Q--a

140 4871 330 4925 ιιιιιιιιιι
339 4877 553 4925 ιιιι.-ιιιι.ι
1015 4860 1059 4932 10
