3270 5280
379 1165 410 1230 A
433 1166 602 1252 cesqrremi
615 1163 834 1252 kdptubraculc
849 1160 1121 1250 campaniaco,
1132 1185 1154 1228 c
1163 1163 1400 1250 pannoniatmt
1414 1169 1510 1251 aput-

485 1277 584 1361 sep·
606 1273 771 1360 Pooprrica
794 1274 825 1336 da
838 1270 904 1357 flci
925 1271 1274 1358 lctlztijdszdpcsererdl.
1301 1273 1403 1338 1262.

486 1468 672 1556 Capitulum
695 1465 961 1552 wesprimiensis
986 1465 1134 1534 Ecclesie
1159 1469 1312 1536 omnibus
1326 1475 1503 1554 presentes

375 1579 503 1646 litteras
518 1575 714 1662 inspecturis
730 1575 867 1642 salutem
885 1575 918 1642 in
935 1575 1077 1642 Domino
1093 1578 1337 1661 sempiternam.
1355 1575 1411 1643 Ad
1429 1576 1501 1643 vni·

375 1703 544 1752 corsorum
568 1683 725 1751 noticiam
755 1688 870 1749 tencre
896 1683 1103 1768 presencium
1134 1684 1285 1750 volumus
1316 1683 1508 1768 peruenire,

375 1791 464 1876 quod
478 1790 667 1858 constitutis
684 1808 793 1857 coram
809 1789 904 1857 nohis
921 1791 1077 1856 Marcello
1094 1795 1127 1856 et
1143 1789 1314 1876 Stephano
1329 1787 1410 1858 filiis
1422 1789 1506 1856 Pon·
1581 1869 1588 1878 Ι

379 1899 483 1984 gracii
500 1921 559 1986 pro
575 1917 612 1966 se
629 1905 662 1965 et
677 1918 737 1984 pro
755 1897 910 1965 fratribus
926 1899 1013 1984 suis,
1029 1898 1181 1966 Jobanne
1205 1897 1367 1965 videlicet
1393 1903 1429 1964 et
1448 1898 1506 1962 Ar-

375 2004 510 2090 tclpho;
536 2026 576 2072 ac
593 2025 651 2092 pro
673 2004 824 2089 predicto
842 2011 939 2089 patre
966 2023 1077 2072 eorum
1103 2004 1145 2070 ab
1162 2025 1228 2071 vna
1253 2011 1367 2088 parte,
1401 2003 1507 2069 tratre

375 2111 569 2194 Laurencio‚
579 2113 715 2180 Decano
731 2112 920 2179 Monasterii
936 2112 1049 2178 Sancti
1064 2113 1197 2180 Martini
1213 2111 1256 2179 dc
1272 2113 1376 2180 Sacro
1396 2113 1509 2178 Monte

376 2219 548 2286 Pannonio
563 2217 694 2285 nomine
710 2225 742 2286 et
758 2218 831 2286 vice
847 2219 988 2286 Abbatis
1006 2230 1039 2287 et
1055 2219 1248 2288 Monasterii
1265 2217 1452 2304 supradicti
1470 2238 1511 2286 ex

374 2327 500 2410 altera3
516 2323 617 2410 ijdem
633 2326 811 2393 Marcellus
829 2331 862 2390 et
879 2327 1066 2412 Stephanus
1082 2327 1228 2394 confessi
1244 2333 1320 2395 sunt
1335 2325 1510 2410 quandam

375 2439 495 2500 terram
513 2451 608 2500 snam
623 2433 860 2500 hereditariam
876 2433 977 2501 Juren
994 2442 1145 2502 vocatam
1171 2437 1271 2504 certis
1288 2435 1384 2502 metis
1413 2432 1510 2500 undi-

376 2557 438 2624 qne
456 2540 668 2624 distinctam,
684 2540 769 2608 sient
784 2541 819 2607 in
833 2541 1009 2626 priuilegio
1026 2543 1151 2609 domini
1167 2541 1248 2609 Bele
1274 2542 1421 2610 Illustris
1448 2540 1511 2608 Re·

376 2647 428 2734 gis
444 2648 590 2732 Vngarie
606 2647 764 2716 contineri
782 2647 942 2732 vidimus,
968 2669 1042 2716 cum
1067 2650 1216 2717 omnibus
1241 2649 1445 2718 utilitatibus
1476 2654 1511 2716 et

374 2755 589 2844 pertinenciis
605 2757 674 2826 suis
707 2777 743 2823 se
761 2755 894 2825 dedisse
911 2777 970 2824 seu
987 2757 1167 2827 tradidisse
1182 2760 1306 2827 Abbati
1332 2765 1366 2826 et
1396 2759 1512 2829 Mona·

374 2863 475 2932 aterio
490 2864 651 2950 predictis
667 2865 700 2931 in
718 2867 944 2934 concambium
965 2865 1134 2934 cniusdam
1150 2875 1236 2935 terre
1261 2865 1367 2954 ipsius
1394 2867 1510 2932 Mona·

375 2971 467 3038 nterii
484 2970 632 3054 Hagmas
649 2979 767 3040 vocate
785 2973 882 3039 certis
901 2973 995 3040 metis
1011 2973 1153 3058 undique
1164 2974 1331 3050 distincte,
1349 2972 1423 3040 inre
1433 2993 1509 3058 per-

373 3083 473 3164 petuo
489 3077 736 3165 possidendam.
774 3079 817 3145 Et
847 3081 924 3164 quia
954 3080 1085 3166 prelata
1116 3087 1204 3148 terra
1230 3081 1334 3148 Juren
1367 3080 1506 3148 maioris

376 3186 572 3269 quantitatis
589 3193 623 3252 et
640 3185 791 3253 utilitatis
809 3187 941 3274 existit,
973 3187 1060 3254 idem
1075 3188 1189 3255 Abbcs
1215 3193 1248 3254 et
1272 3187 1512 3254 Monasterinm

375 3295 410 3362 in
427 3294 694 3361 additamentum
710 3296 857 3380 predicte
873 3303 959 3363 terre
974 3293 1121 3379 Hagmas
1138 3297 1309 3363 sciuerunt
1320 3315 1435 3361 coram
1453 3315 1513 3362 no·

374 3403 427 3470 bis
445 3401 559 3470 decem
577 3421 707 3470 marcas
724 3403 878 3470 Marcello
895 3410 928 3470 et
944 3401 1113 3486 Stephano
1131 3401 1397 3487 supradictis.1n
1416 3403 1513 3468 onius

374 3511 422 3576 rei
440 3509 661 3578 testimonium
687 3517 859 3592 presentes
885 3509 1106 3576 concessimus
1132 3511 1263 3576 litteras
1282 3509 1389 3578 nostri
1407 3507 1514 3594 sigilli

380 3617 561 3684 munimine
575 3615 763 3682 roboratas.
787 3615 1005 3682 Datumanno
1027 3615 1136 3700 gracie
1152 3613 1273 3683 nt⁰cc⁰
1298 3617 1515 3700 sexagesimo

377 3722 534 3790 secundo.
558 3723 748 3790 Venerabili
764 3724 799 3788 in
816 3721 944 3789 Christo
961 3729 1054 3806 patre
1070 3723 1198 3789 Zlando
1215 3723 1393 3809 Episcopo,
1412 3723 1511 3788 Fauo

373 3829 556 3916 Proposito,
574 3827 1008 3914 nabjenoeectore,1>au10
1026 3827 1183 3912 Camere,
1200 3828 1222 3896 J
1226 3849 1333 3896 oanne
1349 3826 1505 3896 Custode

374 3933 525 4005 Ecclesie
543 3941 655 4003 nostre
671 3933 901 4004 existentibus.

555 4125 699 4198 (liredetie
718 4143 737 4182 a
749 4123 964 4183 suant-mdrtoci
977 4121 1131 4197 lbapdtsdg
1143 4123 1367 4198 levdlttrtbsn.)

823 4409 1072 4428 m
