3270 5280
834 221 1004 362 A.

351 480 427 526 nam
454 466 486 527 et
511 479 701 546 expressam
726 459 767 527 de
793 459 920 527 indulto
955 458 1141 526 huiusmodi
1168 458 1376 541 mentionem,
1405 455 1478 524 sive

351 565 498 650 qualibet
513 567 582 634 alia
598 567 727 653 prefate
743 569 841 636 Sedis
856 567 1076 653 indulgentia,
1092 566 1134 634 de
1151 583 1217 650 qua
1233 565 1389 648 cuiusque
1406 571 1479 631 toto

351 682 464 742 tencre
490 675 611 742 debeat
637 677 669 742 in
696 676 818 743 nostris
845 677 963 743 litteris
989 677 1089 762 plene
1115 681 1148 743 et
1173 691 1333 758 expressa
1355 673 1479 737 mentio

349 781 429 867 fieri,
446 787 479 850 ct
495 798 555 868 per
582 801 678 865 quam
707 783 842 852 effectus
871 783 1056 851 huiuamodi
1072 783 1178 868 gratie
1194 779 1346 865 impediri
1363 783 1479 848 valeat

350 888 405 957 vel
421 888 564 976 differri3
590 907 649 958 scu
675 891 761 976 quod
788 889 876 958 idem
899 891 1057 975 Magister
1079 910 1143 957 non
1161 896 1212 956 est
1228 893 1427 958 constitutus
1443 887 1478 955 in

350 997 455 1064 sacris
472 995 653 1085 ordinibus,
670 997 714 1064 ad
731 1017 812 1082 quos
830 999 993 1082 quamcito
1008 996 1209 1082 prebendam
1219 997 1270 1064 vel
1281 993 1478 1063 beneficium

346 1105 455 1192 ipsum
471 1104 608 1194 pacifice
635 1106 776 1192 adeptus
803 1105 908 1184 merit,
934 1112 1031 1192 prout
1056 1106 1127 1172 eius
1154 1124 1236 1171 onus
1261 1104 1383 1188 exiget,
1415 1111 1477 1189 est,

347 1215 432 1282 sicut
448 1213 579 1300 usserit,
601 1215 788 1304 promoveri
803 1221 958 1301 paratum
984 1223 1041 1281 aut
1057 1214 1145 1298 quod
1166 1232 1269 1299 super
1285 1213 1477 1299 provisione

346 1320 452 1406 ipsius
469 1322 651 1390 venarabili
677 1323 770 1390 fratri
795 1329 915 1390 nostro.
934 1371 941 1387 .
959 1371 966 1386 .
987 1319 1354 1406 .Quinqueecclesicnsi
1380 1321 1476 1406 Epis·

257 1445 261 1451 “
349 1451 433 1517 copo
450 1430 577 1499 litteras
602 1437 733 1500 nostras
757 1430 945 1517 direximus,
967 1451 1025 1518 per
1040 1451 1133 1516 quas,
1150 1439 1185 1496 ut
1200 1429 1332 1516 asserit,
1350 1431 1477 1496 nullum

347 1542 549 1610 commodum
567 1547 748 1624 assecutus,
766 1539 970 1607 renunciavit
981 1539 1059 1625 ipsis
1074 1545 1107 1605 et
1122 1539 1335 1625 processibus
1351 1536 1477 1605 habitis

346 1669 406 1734 per
421 1647 567 1715 easdam.
579 1647 844 1716 contradictores
855 1655 915 1713 etc.
925 1649 995 1714 Nos
1006 1649 1090 1715 enim
1101 1647 1333 1715 nichilominus
1351 1645 1477 1712 irritum

347 1757 551 1826 decernimus
569 1765 602 1826 et
619 1761 727 1841 inane,
744 1759 773 1824 si
789 1758 830 1824 dc
847 1758 1017 1843 prebenda
1042 1763 1075 1823 et
1099 1753 1258 1823 beneficio
1283 1752 1475 1822 huiusmodi

346 1867 539 1953 Apostolice
556 1887 613 1934 scu
630 1867 748 1952 quavis
765 1867 961 1934 auctoritate
977 1883 1073 1932 secus
1084 1863 1258 1950 contigerit
1275 1863 1476 1948 attemptari.

348 1977 471 2044 Datum
487 1977 576 2060 apud
592 1975 867 2043 Urbechtercm
893 1975 951 2042 llI.
969 1973 1046 2039 Idus
1061 1971 1270 2054 Novembris,
1289 1968 1478 2056 (Pontifica-

348 2091 401 2152 tua
418 2082 535 2171 nostri)
552 2103 638 2152 enno
656 2085 714 2152 lll.

453 2257 517 2332 (ιιι.
531 2259 628 2320 ernon
641 2259 718 2336 pap·
731 2257 928 2336 ιιιμιιιιιιι,
941 2258 1067 2317 namu
1080 2257 1117 2314 ιι.
1132 2273 1168 2311 m.
1179 2255 1201 2310 1.
1215 2255 1243 2312 ι.
1257 2254 1320 2312 aar.
1331 2255 1366 2328 1.)

875 3121 930 3187 41.

344 3315 366 3379 1
372 3313 403 3380 V.
422 3313 531 3381 orbos
539 3318 634 3402 μόρα
653 3335 690 3377 ce
706 3315 888 3400 mcrpomt
902 3315 1018 3380 drcekct
1036 3313 1226 3401 falszdla‘tju,
1244 3315 1325 3402 bopy
1341 3317 1477 3402 pondor-

343 3421 469 3510 kccljdb
487 3423 590 3508 ma'lre'p
606 3443 644 3485 aa
659 3421 792 3508 acolaci
810 3423 995 3510 pllapdknclc
1019 3446 1041 3486 a
1065 3424 1138 3488 nelei
1154 3423 1478 3510 Mapyororaadpbaa

540 3528 603 3593 oda
618 3529 739 3595 rendclt
746 3528 922 3615 jb'vedclcm
936 3530 1147 3614 kifiacttcaadlc.
1171 3531 1269 3596 1263.

449 3723 604 3794 Urbanus
638 3723 822 3812 Episcopus
856 3729 915 3792 stc.
956 3727 1137 3794 venerabili
1170 3724 1316 3795 fratri..
1335 3727 1478 3798 .Archi·

344 3831 500 3920 episcopo
516 3831 736 3921 strigoniensi
752 3835 893 3901 salutem
904 3841 965 3901 etc.
983 3834 1065 3903 Gom
1081 3855 1140 3905 nos
1158 3835 1281 3905 dilecto
1298 3836 1345 3905 fili
1362 3844 1476 3906 nostro

342 3939 381 4006 R.
399 3936 511 4008 Sancti
527 3940 646 4025 Angeli
671 3939 819 4006 Diaconc
845 3939 1013 4008 Ourdlnali
1039 3944 1100 4011 sub
1120 3951 1211 4011 certa
1227 3945 1334 4013 forma
1350 3948 1475 4015 nostris

342 4042 531 4114 dederimus
547 4047 665 4115 litteris
681 4047 714 4112 in
730 4045 907 4128 mandatis,
933 4055 968 4114 ut
984 4051 1167 4117 venerabili
1184 4051 1279 4120 fratri
1295 4061 1411 4121 uostm
1424 4103 1433 4121 .
1447 4103 1473 4119 ..

341 4150 507 4240 Episcopo
524 4153 691 4239 Aquinati,
709 4149 763 4236 qui
779 4151 822 4220 ab
839 4153 991 4222 Ecclesia
1001 4175 1061 4224 sua
1077 4177 1137 4243 per
1153 4157 1305 4227 inimicos
1322 4161 1475 4230 Romane

339 4257 488 4330 Ecclesie
505 4263 637 4348 lugetus
653 4259 792 4349 experiri
808 4263 935 4346 cogitur
951 4263 1085 4332 insolita
1101 4264 1312 4337 incommoda
1328 4289 1472 4358 pauper·

338 4364 427 4452 tatia,
443 4389 502 4455 pro
519 4389 556 4440 ae
573 4375 606 4436 et
622 4369 762 4454 quinque
787 4369 937 4454 personis
954 4388 994 4436 ac
1010 4372 1116 4440 tribua
1131 4373 1333 4458 equitaturis
1349 4377 1469 4462 provi·

337 4470 461 4544 sionem
478 4495 653 4560 congruam
671 4475 762 4540 iuxta
782 4491 841 4540 suc
857 4473 1078 4559 dispositionis
1096 4478 1266 4548 arbitrium
1283 4485 1327 4550 ab
1345 4485 1465 4552 Eccle-

337 4573 397 4642 siit
413 4584 445 4648 ct
460 4581 669 4654 monasteriis
679 4579 826 4664 Ungarle
837 4581 1000 4666 exemptis
1017 4588 1050 4650 et
1065 4604 1131 4653 non
1147 4590 1321 4676 exemptis,
1340 4589 1471 4661 (lister-
