3250 5268
905 365 1065 466 Q

401 543 578 631 dampnum
604 541 719 612 datum
745 562 817 612 euru
842 562 931 630 pena
956 538 1049 630 dupli
1073 543 1236 612 tenebitur
1260 545 1430 611 resarcire.
1453 545 1529 626 Qus
1588 577 1597 588 ·

398 655 508 720 omnia
524 659 558 722 et
573 653 706 739 singula
722 653 810 722 idem
834 653 1022 722 carissimus
1038 659 1133 738 pater
1148 658 1259 720 noster
1274 654 1345 720 Rex
1360 651 1444 721 Bela
1459 653 1527 720 Ba·

399 760 531 830 ronibus
548 769 582 829 et
606 761 827 830 servientibus
854 763 974 832 noscis
990 762 1025 826 in
1049 781 1110 829 suo
1126 763 1240 844 Begno
1266 761 1452 828 constitutis
1477 761 1526 830 ad

399 869 532 954 plenum
556 869 764 952 observabit,
790 869 889 938 faciet
905 875 938 936 et
964 868 1122 936 attendet
1149 868 1361 936 Promiaimus
1386 867 1524 956 iusuper

398 977 545 1062 predicto
560 977 648 1062 patri
672 983 784 1046 nostro
812 979 1002 1060 carissimo,
1019 997 1084 1045 non
1108 979 1308 1060 sollicitare,
1335 978 1470 1046 allicere
1488 987 1524 1044 et

397 1085 544 1171 recipere
559 1085 724 1169 Berones,
741 1087 946 1171 servientes,
972 1085 1100 1154 nobiles
1116 1092 1150 1150 et
1165 1085 1250 1153 alios
1265 1085 1414 1152 homines
1431 1104 1523 1169 suos,

396 1199 506 1277 preter
521 1191 680 1260 ruricolas
697 1193 905 1263 inhabitandi
921 1193 1035 1280 gracia
1046 1193 1328 1278 transmigrantes.
1344 1193 1406 1272 Qui
1422 1200 1521 1280 pater

398 1305 508 1368 noster
532 1301 684 1387 promisit
699 1303 813 1388 nobis,
842 1303 933 1385 quod
951 1323 1012 1370 uec
1027 1303 1118 1387 ipse,
1143 1319 1204 1368 neo
1229 1300 1366 1368 domina
1390 1301 1524 1385 Regina

397 1417 499 1478 mater
514 1415 637 1488 nostra,
662 1429 724 1476 nec
740 1411 823 1476 Bela
839 1410 932 1492 Dux,
961 1409 1063 1476 frater
1079 1415 1191 1476 noster
1209 1409 1411 1495 predilectus
1421 1459 1430 1492 ,
1456 1429 1524 1480 uec

397 1518 502 1584 eciam
519 1513 651 1584 domina
667 1516 762 1583 Anna
778 1518 940 1600 Ducissa,
967 1536 1060 1584 soror
1076 1529 1189 1584 nostra
1205 1517 1398 1604 carissima,
1416 1517 1523 1586 allici-

397 1631 463 1708 eut,
481 1623 726 1710 sollicitabunt,
742 1632 799 1692 ant
816 1625 976 1712 recipient
993 1627 1160 1694 cumanos
1170 1675 1179 1711 ,
1196 1626 1357 1709 Berones,
1374 1628 1521 1694 servien-

396 1740 456 1816 tes,
473 1734 526 1802 vel
543 1733 670 1815 aliquos
687 1733 835 1802 homines
851 1737 1002 1816 nostros,
1019 1740 1130 1817 preter
1157 1735 1297 1800 rusticos
1313 1741 1346 1800 et
1362 1733 1520 1803 villanos.

395 1841 566 1908 Adiectum
592 1841 699 1908 eciam
715 1849 766 1908 est
790 1842 980 1928 premissis,
1007 1840 1139 1924 quodsi
1159 1840 1281 1924 aliquis
1306 1842 1359 1906 vel
1376 1842 1482 1925 aliqui
1499 1863 1522 1906 a

395 1948 490 2016 nobis
515 1949 605 2015 vela
631 1948 790 2033 regimine
806 1956 920 2018 nostro
946 1950 992 2017 ad
1007 1955 1136 2035 patrem
1159 1957 1305 2015 nostrum
1332 1950 1521 2033 predictum

393 2058 447 2124 vel
463 2056 567 2142 ipsius
592 2056 759 2141 Regnum,
786 2059 840 2126 vel
857 2077 1036 2126 econverso
1054 2056 1095 2124 de
1115 2063 1210 2144 patre
1236 2063 1348 2124 nostro
1374 2060 1431 2124 vel
1447 2057 1522 2125 eius

393 2165 509 2246 Regno
524 2165 570 2238 ad
586 2183 657 2247 uos,
673 2165 728 2230 vel
745 2163 788 2230 ad
797 2166 944 2250 regimen
960 2171 1104 2234 nostrum
1115 2171 1303 2251 perpetrato
1319 2165 1431 2248 aliquo
1449 2186 1520 2232 ma·

392 2271 498 2338 lefioio
515 2291 552 2339 se
567 2271 759 2338 transferret
774 2272 827 2340 vel
849 2272 1082 2356 transferrent,
1100 2279 1134 2339 et
1148 2292 1210 2341 uos
1227 2281 1260 2340 et
1276 2271 1441 2358 predictus
1458 2292 1518 2356 pa-

393 2385 442 2444 ter
457 2385 578 2462 noster,
595 2380 753 2448 alteruter
769 2387 915 2448 nostrum
931 2380 1080 2448 alterutri
1091 2381 1133 2446 de
1148 2379 1334 2448 huiusmodi
1349 2379 1518 2451 facinoro-

391 2489 438 2556 ris
454 2486 638 2554 bominibus
664 2488 847 2571 iusticiam,
873 2489 1140 2560 satisfaccionem
1165 2497 1199 2556 et
1214 2489 1388 2558 emendam
1414 2490 1519 2556 faeiat

392 2603 426 2662 et
440 2596 602 2682 prestabit
616 2597 802 2680 requisitus.
819 2597 1039 2664 Promittimus
1055 2599 1170 2683 eciam,
1186 2598 1276 2681 quod
1291 2618 1352 2664 nec
1367 2616 1437 2682 uos,
1454 2619 1518 2667 nec

392 2706 495 2773 nostri
511 2705 646 2790 cognati
672 2711 705 2770 et
724 2706 838 2789 amici,
865 2706 1031 2776 dominum
1057 2709 1179 2793 Regem
1205 2715 1331 2794 patrem
1356 2715 1516 2789 nostrum,

391 2812 557 2882 dominam
573 2813 744 2896 Reginam,
762 2820 899 2880 matrem
915 2821 1059 2882 noemam
1076 2814 1290 2900 carissimam,
1306 2817 1433 2882 Ducem
1450 2815 1513 2882 Be·

391 2921 475 2999 lam,
492 2918 625 2986 fratrem
643 2927 789 2989 nostrum
804 2921 1037 3006 predileetum,
1065 2931 1098 2989 et
1113 2923 1279 2990 dominam
1299 2925 1430 2990 Annam
1448 2921 1516 2992 Du-

391 3027 522 3111 cissam,
539 3045 683 3096 sororem
699 3035 866 3108 nostram,
882 3027 1007 3096 Ducem
1024 3029 1141 3098 Belem
1156 3028 1255 3098 filium
1273 3029 1431 3114 eiusdem,
1449 3033 1514 3100 Be·

390 3155 464 3222 gem
480 3137 671 3204 Boemorum
687 3154 844 3218 generum
870 3137 973 3224 ipsius
990 3145 1022 3204 et
1039 3145 1204 3218 nostrum,
1221 3137 1417 3224 Bolyzlanm
1434 3137 1513 3207 ora

391 3242 493 3327 eovie,
509 3241 704 3328 Bolynlaum
716 3241 952 3322 Gneudeusem,
969 3245 1109 3330 Lyzuyk
1124 3244 1225 3312 felium
1238 3244 1338 3312 Ducis
1349 3244 1515 3314 Onamerii

388 3351 521 3430 Duces,
538 3369 599 3418 nee
614 3357 720 3417 terras
737 3353 882 3438 ipsorum
899 3359 933 3418 et
948 3351 1099 3420 homines
1117 3353 1159 3420 ad
1176 3372 1235 3419 eos
1252 3359 1461 3439 spectantes,
1479 3361 1514 3420 et

389 3457 552 3545 quoslibet
567 3458 652 3526 alios
668 3458 867 3526 adherentes
884 3461 943 3542 eis,
956 3461 1214 3546 molestabimus,
1231 3460 1436 3527 turbabimus
1452 3469 1511 3530 aut

390 3565 651 3654 impugnabimus
676 3567 744 3634 ullo
769 3568 876 3634 modo.
900 3571 942 3635 Bt
957 3567 1042 3637 idem
1060 3566 1210 3636 dominus
1225 3570 1297 3636 Rex
1322 3569 1514 3640 carissimus

388 3680 481 3762 pater
497 3680 610 3742 noster
625 3673 774 3759 premisit
788 3697 855 3746 una
871 3695 944 3744 eum
965 3677 1100 3743 domina
1114 3677 1261 3761 Regina,
1278 3684 1384 3744 matre
1400 3683 1515 3744 nostra

388 3780 579 3864 carissima,
606 3781 699 3850 Duce
714 3783 817 3869 Bela,
843 3782 945 3850 fratre
961 3792 1072 3852 nostro
1096 3785 1279 3868 predilecto
1291 3831 1302 3867 ,
1329 3792 1362 3854 et
1377 3785 1514 3854 domina

388 3891 486 3959 Anna
501 3889 646 3958 Ducissa
655 3939 665 3975 ,
691 3909 804 3958 sorore
820 3897 934 3960 nostm
950 3891 1122 3960 carissima
1139 3890 1366 3978 concordiam,
1392 3912 1511 3979 pacem

387 4004 422 4070 et
436 3999 591 4068 unionem
607 3995 765 4083 habitam,
782 3998 896 4066 initam
913 4005 947 4068 et
962 4005 1168 4083 conventam,
1186 4000 1355 4070 nobiseum
1372 3997 1509 4085 habere,

387 4115 503 4177 tenere
519 4111 553 4174 et
577 4105 809 4176 inviolabiliter
833 4108 1030 4191 observare,
1056 4126 1128 4174 eum
1147 4107 1271 4175 nostris
1297 4110 1448 4194 cognatis
1474 4117 1509 4176 et

386 4213 511 4288 amicis.
529 4211 761 4286 Ordinavimus
772 4215 877 4284 eeiam
888 4214 1087 4286 eumcodem
1097 4216 1265 4284 carissimo
1276 4222 1372 4302 patre
1383 4221 1510 4301 nostro,

386 4331 423 4396 nt
437 4323 695 4412 possessionum,
720 4331 879 4394 terrarum
904 4325 1078 4409 Beronum,
1095 4324 1263 4410 nobilium,
1282 4323 1509 4394 Baetasiorum

388 4439 422 4502 et
435 4432 707 4504 monasteriorum
731 4432 807 4501 binc
823 4433 901 4504 inde
915 4434 1104 4502 ablatarum
1120 4435 1240 4502 celeris
1255 4430 1313 4500 liat
1340 4433 1508 4502 restitucio

387 4559 446 4626 per
470 4560 531 4608 nos
548 4541 581 4608 iu
606 4541 765 4627 regimine
790 4549 920 4627 nostro,
946 4542 1091 4612 eiusdem
1115 4541 1220 4628 patris
1246 4541 1353 4611 nostri
1377 4540 1509 4611 bomine

388 4651 562 4737 presente;
585 4647 620 4718 in
635 4649 749 4734 Regno
764 4669 843 4722 vero
860 4651 1088 4739 enecuere,
1104 4648 1205 4735 Regia
1221 4647 1312 4736 Bele,
1329 4669 1389 4736 per
1402 4651 1509 4739 ipsum
