3250 5268
838 347 1001 454 ..-1,39..

361 546 520 634 Berones,
537 549 738 634 servientes,
757 549 883 618 nobiles
900 557 934 616 et
949 551 1035 617 alios
1050 548 1200 615 homines
1224 554 1353 615 nostros
1374 551 1486 632 preter

361 659 525 725 ruricolas
540 657 749 726 inhabitandi
765 659 1170 743 gratiatrsnsmigrantes.
1190 657 1362 723 Adiectum
1379 653 1484 719 eciam

361 771 412 830 est
427 765 607 852 premissis,
623 764 712 850 quod
729 765 758 832 si
775 763 895 851 aliquis
912 767 965 832 vel
981 763 1084 849 aliqui
1101 786 1122 831 o
1137 763 1241 847 nobis,
1259 763 1311 830 vel
1332 781 1352 828 a
1368 763 1485 842 Regno

362 881 474 938 nostro
491 871 533 936 sd
549 871 649 938 fllium
677 879 824 939 nostrum
846 873 1030 958 predictum
1046 871 1100 937 vel
1116 871 1222 956 ipsius
1237 870 1401 955 regimen,
1428 865 1484 934 vel

362 995 540 1046 econverso
563 979 607 1046 de
622 979 690 1046 filio
717 987 830 1048 nostro
846 983 899 1048 vel
926 981 996 1048 sius
1016 979 1174 1066 regimine
1191 980 1235 1046 ad
1252 997 1332 1063 nos,
1357 977 1410 1043 vel
1436 973 1485 1040 ad

365 1087 515 1172 Regnum
542 1093 690 1153 nostrum
707 1095 898 1174 perpetrato
924 1091 1036 1176 aliquo
1052 1087 1266 1154 maleficiose
1290 1083 1486 1152 transferret

361 1196 416 1261 vel
432 1193 667 1276 transferrent,
693 1201 726 1260 et
740 1215 800 1262 nos
817 1203 851 1262 et
876 1197 1040 1282 predictus
1060 1195 1147 1263 tilius
1168 1199 1298 1278 noster,
1325 1194 1487 1260 alteruter

361 1309 506 1370 nostrum
524 1303 674 1369 alterutri
700 1303 741 1369 de
757 1303 943 1370 huiusmodi
960 1304 1154 1372 facinorosis
1179 1303 1365 1371 bominibus
1391 1298 1485 1367 insti·

362 1413 465 1496 eiam,
483 1412 749 1480 satisfaccionem
775 1417 809 1478 et
825 1414 998 1481 emendam
1016 1413 1126 1494 faciet,
1144 1423 1174 1478 et
1189 1412 1351 1499 prestabit
1376 1409 1486 1492 requi·

361 1519 453 1586 situs.
477 1519 698 1586 Promittimns
715 1520 821 1587 eciam
837 1541 903 1590 nna
919 1541 990 1588 oum
1007 1522 1141 1590 domina
1156 1520 1294 1604 Regina,
1311 1518 1485 1586 carissima

361 1634 512 1694 consorte
528 1633 650 1712 nostra,
669 1627 760 1695 Duce
770 1629 863 1711 Bela,
879 1627 948 1696 tilio
963 1636 1078 1697 nostro
1089 1629 1281 1714 predilecto,
1299 1633 1332 1691 et
1347 1625 1485 1694 domina

360 1734 451 1800 Anne
468 1732 621 1815 Duoissa,
640 1731 710 1798 tilia
726 1741 838 1802 nostra
855 1735 1049 1818 carissima,
1067 1735 1300 1816 concordiam,
1318 1751 1434 1816 pacem
1451 1739 1487 1797 et

360 1841 513 1908 unionem
530 1839 685 1924 habitem,
711 1842 825 1909 initam
842 1851 874 1909 et
891 1849 1086 1911 conventam
1104 1861 1175 1910 cnm
1193 1843 1283 1925 Rege
1301 1839 1484 1926 Stephano,

359 1947 426 2015 filio
442 1954 553 2014 nostro
570 1947 758 2029 carissimo,
775 1949 899 2015 habere
909 2000 918 2034 ,
936 1957 1046 2017 tenere
1064 1955 1096 2016 et
1113 1948 1351 2017 inviolabiliter
1367 1948 1484 2014 obser-

359 2074 456 2138 vare,
483 2072 555 2119 oum
572 2055 641 2121 suis
657 2056 807 2140 cognatis
824 2063 857 2121 ct
872 2057 988 2123 amicis
998 2108 1006 2141 ,
1024 2075 1086 2124 neo
1102 2077 1178 2139 eos,
1206 2063 1312 2123 terras
1337 2055 1483 2141 ipsorum

253 2175 260 2184 '
360 2163 413 2232 vel
428 2162 576 2230 homines
593 2160 638 2228 ad
654 2183 710 2230 eos
728 2171 917 2248 spectantes
934 2164 1112 2247 offendere,
1131 2165 1243 2231 ledere
1254 2165 1306 2230 rel
1322 2163 1354 2227 in
1371 2163 1485 2244 aliquo

359 2271 562 2336 molestare:
590 2275 622 2337 et
646 2270 732 2336 idem
750 2271 822 2337 Rex
848 2272 1039 2341 carissimus
1065 2271 1153 2338 filins
1177 2279 1290 2338 noster
1321 2269 1484 2356 promisit,

360 2376 448 2460 quod
464 2397 524 2443 neo
540 2377 611 2462 ipse
621 2427 629 2461 ,
647 2397 707 2444 neo
723 2379 773 2445 sni
790 2380 943 2463 cognati,
967 2381 1020 2447 vel
1037 2381 1134 2446 amici
1151 2399 1222 2464 nos,
1239 2377 1403 2444 dominam
1422 2377 1484 2442 Re·

359 2485 480 2568 ginam,
498 2491 682 2552 consortem
697 2491 842 2552 nostram
854 2486 1069 2566 carissimam,
1087 2493 1221 2552 matrem
1234 2505 1338 2570 suern,
1357 2485 1485 2550 Ducem

359 2591 483 2674 Belem,
500 2589 600 2659 tilium
617 2598 762 2660 nostrum
781 2592 994 2676 predileetum
1004 2643 1013 2678 ,
1031 2593 1165 2659 fratrem
1183 2613 1297 2676 suurn,
1315 2591 1483 2659 dominam

359 2697 487 2764 Annam
503 2700 689 2785 Duoissam,
706 2717 850 2766 sororem
868 2719 971 2783 suam,
990 2701 1116 2766 Ducem
1132 2701 1256 2781 Belem,
1279 2697 1380 2765 filiurn
1396 2699 1484 2764 eius·

360 2805 444 2890 dem,
455 2805 578 2888 Regem
591 2807 798 2889 Boemorum,
809 2825 962 2889 generum
975 2809 1080 2894 ipsius
1092 2812 1124 2874 et
1134 2815 1291 2892 nostrum,
1302 2807 1485 2874 Bolizlanm

360 2914 539 2995 Oraoovie,
565 2914 758 3000 Bolyzlaum
786 2913 1034 2998 Gnezdensem,
1061 2914 1225 3000 Lynnnylr
1250 2913 1351 2980 filium
1378 2913 1485 2979 Ducis

359 3021 519 3088 Gaamerii
535 3019 654 3105 Duces,
671 3041 732 3086 neo
749 3027 854 3086 terras
875 3021 1018 3104 ipsorum
1035 3023 1088 3089 vel
1105 3023 1254 3088 homines
1271 3022 1317 3087 ad
1334 3041 1390 3088 eos
1407 3039 1484 3104 spe·

359 3131 499 3210 etentes,
516 3135 550 3194 et
567 3128 729 3211 quoslibet
754 3128 839 3194 alios
856 3125 951 3194 nobis
968 3127 1167 3195 adherentes
1184 3129 1396 3212 molestabit,
1413 3134 1482 3192 tnr-

358 3233 452 3301 babit
467 3235 521 3300 vel
545 3235 755 3318 aliquatenus
781 3233 996 3318 impugnabit.
1022 3233 1253 3303 Ordinavimns
1275 3236 1379 3302 eciam
1405 3255 1482 3301 oum

359 3341 474 3410 eodem
492 3343 663 3410 carissimo
678 3343 747 3408 tilio
762 3349 894 3424 nostro,
912 3349 948 3408 nt
963 3344 1223 3428 possessionum,
1240 3349 1399 3409 terrarum
1417 3343 1481 3410 Ba·

358 3467 492 3535 ronum,
511 3449 688 3531 nobilium,
706 3449 928 3531 ecelesiarum,
946 3450 1218 3517 monasteriorum
1236 3451 1311 3516 lrinc
1328 3451 1407 3518 inde
1424 3449 1484 3516 ab·

357 3558 497 3623 latarum
523 3557 641 3622 celeris
660 3554 716 3622 list
731 3557 894 3623 restitutio
912 3575 971 3642 per
987 3577 1047 3624 nos
1063 3555 1097 3622 in
1114 3559 1229 3641 Regno
1245 3565 1358 3624 nostro
1368 3607 1377 3640 ,
1394 3559 1483 3622 eius-

357 3661 432 3727 dem
451 3662 511 3729 filii
529 3664 633 3730 nostri
647 3664 778 3730 homine
793 3673 964 3749 presente,
981 3663 1014 3729 in
1031 3664 1192 3748 regimine
1208 3685 1287 3732 vero
1303 3664 1363 3731 filii
1379 3663 1483 3730 nostri

357 3769 458 3854 Regis
469 3772 627 3857 Stephani
637 3791 697 3857 per
716 3773 822 3858 ipsum
840 3772 941 3838 lilium
958 3777 1113 3856 nostrum,
1131 3773 1262 3838 homine
1278 3779 1390 3840 nostro
1407 3791 1481 3858 pre·

357 3884 470 3960 sente,
495 3877 670 3944 dummodo
690 3885 836 3961 constet,
854 3885 958 3945 terras
975 3886 1008 3946 et
1024 3881 1270 3964 possessiones,
1288 3897 1351 3962 que
1368 3880 1483 3946 ablate

357 3982 515 4067 dicuntur,
534 4003 645 4051 eornm
661 3985 774 4067 fuisse,
791 3987 845 4067 qni
861 4005 898 4052 se
913 3992 1068 4052 asserunt
1083 3987 1132 4054 eis
1143 3985 1290 4053 indebite
1310 3987 1482 4072 spoliatos.

357 4089 402 4156 Ut
417 4099 526 4158 antem
543 4094 704 4176 premissa
719 4105 753 4160 et
778 4095 909 4175 singula
925 4094 1159 4179 premissorum
1184 4095 1312 4160 illibate
1328 4101 1362 4159 et
1377 4095 1483 4162 invio·

357 4197 505 4263 labiliter
520 4201 734 4266 observentur
749 4221 809 4268 nos
828 4209 862 4268 et
877 4201 1046 4286 predictus
1058 4201 1144 4269 filins
1157 4209 1281 4284 noster,
1298 4203 1482 4268 venerabili
1581 4271 1586 4284 ,

356 4311 450 4388 patre
466 4301 667 4394 (Philippus)
693 4309 908 4394 strigoniensi
925 4307 1186 4392 Archiepisoopo
1204 4315 1363 4394 presente
1380 4315 1413 4375 et
1428 4327 1480 4375 co·

358 4409 465 4475 dicem
480 4409 733 4496 Evangeliorum
753 4423 894 4495 tenente,
910 4416 1054 4483 iuramus
1072 4417 1287 4502 corporaliter
1305 4417 1405 4482 tactis
1421 4417 1480 4483 Sa·

358 4520 537 4583 crosanotis
553 4519 744 4604 Evangeliis
761 4530 794 4588 et
809 4522 946 4592 Vivillce
971 4523 1143 4590 Dominioe
1164 4521 1277 4590 Ornois
1303 4523 1402 4606 ligno.
1428 4521 1480 4589 Ad

358 4616 703 4701 superhabundantem
721 4631 825 4696 eciam
851 4629 1015 4697 cantelam
1030 4631 1178 4716 prefatus
1202 4631 1407 4698 venerabilis
1423 4649 1481 4718 pa·
