3250 5268
148 1067 169 1132 Ι
172 1065 207 1133 V.
225 1065 336 1133 ortos
346 1070 440 1156 pepe
455 1089 494 1133 os
508 1067 630 1155 oedtlpr'
638 1067 827 1156 pdspdkoek
841 1069 1037 1159 mepbsppje,
1066 1069 1145 1158 bopy
1163 1070 1275 1138 leudo

140 1183 250 1262 popel,
266 1174 302 1240 Iet'
316 1176 424 1261 erupto
449 1171 672 1258 eedelmesodo,
698 1174 877 1243 emberb'ldrt
901 1175 1074 1263 obsecrost,
1089 1199 1129 1243 ue
1144 1177 1275 1266 epybdet'

445 1281 584 1350 temeto
598 1279 668 1348 eldl
674 1281 852 1369 feimestse.
878 1283 976 1350 1264.

256 1477 413 1548 Urbanus
428 1479 614 1567 Episcopus
639 1484 700 1549 ete.
717 1479 899 1550 venerabili
916 1478 1011 1550 tratri
1027 1525 1036 1545 .
1053 1527 1062 1546 .
1080 1527 1089 1546 .
1104 1481 1273 1570 Episoopo

145 1585 377 1657 Ultrssilvuno
402 1585 543 1656 sulutem
568 1595 630 1656 eto.
657 1587 828 1658 Aoeedens
843 1588 887 1656 sd
902 1590 1103 1674 presentium
1127 1597 1274 1660 nostrum

145 1693 335 1783 Stephanus
363 1693 538 1781 presbiter,
562 1695 649 1763 letor
671 1696 885 1782 presentium,
910 1703 967 1765 tue
990 1694 1153 1782 Diooesis,
1177 1697 1274 1766 nobis

145 1803 318 1892 exposuit:
334 1800 422 1888 quod
445 1821 520 1871 eum
545 1802 679 1888 quidem
703 1803 809 1872 luiens
834 1795 981 1889 maligno
1007 1803 1126 1873 duetus
1157 1803 1273 1892 spiritu

143 1917 278 1981 ermsts
292 1929 392 1978 menu
418 1907 463 1978 ed
488 1908 664 1996 hospitium
690 1911 763 1980 eius
781 1911 957 1992 eooedens,
974 1931 1047 1980 eum
1062 1911 1274 1982 ooeidere'ni·

144 2025 280 2104 teretur,
294 2016 381 2086 idem
398 2019 561 2105 presbiter
588 2019 632 2086 ud
657 2019 881 2088 defensionem
908 2039 1001 2088 suem
1026 2020 1191 2105 quendum
1208 2022 1274 2089 onl-

142 2129 270 2208 tetlum,
288 2146 382 2210 quem
398 2126 553 2213 portsbet
578 2127 624 2196 ed
645 2128 733 2196 letus
751 2146 898 2215 exerens,
915 2145 987 2196 oum
1002 2129 1099 2196 sliter
1115 2149 1180 2198 non
1196 2148 1272 2216 pos·

142 2243 193 2305 set
209 2235 368 2318 erodere,
384 2235 539 2304 utebatur
556 2252 595 2302 eo
611 2255 671 2322 pro
687 2234 803 2304 eodem
818 2237 906 2304 leieo
924 2236 1078 2306 terrendo
1095 2238 1274 2306 oomminu·

142 2345 246 2430 tione,
263 2361 329 2410 non
345 2342 433 2427 ietu5
460 2340 534 2428 ipse
549 2357 629 2410 uero
653 2342 760 2413 leieus
776 2345 822 2412 sd
838 2341 985 2413 eiusdem
1000 2343 1176 2432 presbiteri
1190 2366 1273 2415 mor-

141 2461 209 2522 tem
226 2451 393 2538 aspirem,
410 2470 447 2520 se
462 2451 497 2518 in
507 2449 675 2519 oulteilum
685 2451 791 2538 ipsum
802 2450 949 2539 impegit,
961 2453 1074 2538 sieque
1084 2455 1273 2523 vulneratus

143 2582 185 2630 ex
200 2562 262 2630 illo
279 2559 365 2629 diem
382 2559 502 2629 elausit
518 2567 715 2646 extremum3
741 2567 877 2650 propter
893 2562 983 2646 quod
997 2561 1093 2630 nobis
1109 2560 1274 2630 humiliter

142 2669 357 2756 supplieuvit,
386 2674 423 2736 ut
453 2667 630 2754 providere
661 2689 761 2757 super
792 2669 856 2740 hoe
887 2669 987 2757 igitur
1017 2669 1274 2739 misericorditer

144 2780 370 2862 dignaremur.
400 2775 565 2856 Quooiroe
588 2776 794 2862 mandemus,
821 2783 984 2862 quatenus
1001 2775 1157 2862 inquisitu
1173 2796 1274 2863 super

142 2887 207 2956 boe
223 2885 418 2970 diligentius
443 2891 476 2952 et
502 2886 637 2971 cognitu
661 2885 792 2973 plenius
809 2886 961 2973 ueritate,
976 2887 1006 2954 si
1022 2905 1090 2954 rem
1108 2885 1274 2956 inveneris

143 2995 258 3091 toliter
274 2993 470 3080 rehabere,
496 2998 532 3062 et
556 2992 644 3079 quod
671 2992 778 3062 dietus
802 2994 963 3080 presbiter
990 2994 1023 3061 in
1039 2992 1273 3062 neeessitetem

144 3101 337 3172 huiusmodi
346 3120 383 3170 se
394 3103 495 3187 oulpe
511 3102 647 3189 proprie
660 3122 727 3170 non
739 3102 889 3188 ingessit,
906 3099 1062 3186 aliudque
1078 3099 1273 3171 onnonioum

143 3233 210 3283 non
227 3211 350 3295 obstet,
375 3227 449 3278 eum
465 3209 580 3279 eodem
596 3211 777 3296 perbitero,
803 3210 893 3296 quod
908 3210 973 3280 hoe
989 3229 1053 3278 non
1069 3211 1224 3279 obstante
1240 3209 1274 3275 in

145 3321 214 3390 suis
232 3317 405 3389 ordinibus
421 3316 737 3404 ministrerevuleut,
749 3325 781 3386 et
792 3317 981 3387 benefioium
998 3316 1272 3400 eoelesiurtioum,

142 3428 233 3512 quod
249 3446 361 3496 eurem
376 3425 558 3494 animarum
572 3427 760 3494 nullatenus
787 3425 919 3512 hebeat,
946 3424 1105 3509 obtinere,
1126 3423 1270 3492 auotori-

142 3543 214 3605 tute
238 3539 353 3604 nostra
388 3532 582 3622 dispenses,
607 3540 703 3624 prout
728 3532 906 3602 seeundum
932 3531 1040 3602 Deum
1065 3533 1175 3600 enims
1212 3549 1272 3598 sue

118 3633 125 3649 '
144 3643 247 3712 soluti
264 3641 388 3710 rideris
404 3641 572 3728 expedire.
604 3643 725 3711 Datum
749 3641 840 3728 opud
855 3639 978 3709 Urbem
994 3641 1145 3710 Veterem
1160 3636 1272 3706 Idibus

143 3751 283 3839 Aprilis,
300 3746 536 3838 (Pontifioetus
558 3747 679 3839 nostri)
696 3769 783 3819 enno
799 3747 907 3816 tertio.

203 3937 214 3966 ¹
256 3927 320 4000 ov.
333 3924 434 3987 orum
446 3907 734 4002 septuagesies,
747 3925 872 3986 usone
883 3885 923 3983 rs
935 3929 973 3982 o.
985 3922 1008 3982 1.
1019 3925 1049 3983 r.
1061 3923 1123 3982 eeu.
1136 3920 1167 3996 ι)
