3250 5268
670 1101 738 1168 η,
845 1133 846 1140 1

116 1278 178 1344 IV.
197 1277 310 1344 Orbcta
318 1281 410 1364 pcipe
436 1277 545 1365 ,Idpyad
567 1280 763 1368 pydmeppei
782 1303 852 1366 pop
876 1286 1024 1351 nectardus
1047 1305 1103 1370 epp
1117 1283 1250 1349 o-tauot

394 1387 646 1473 kuaooolcsdprdl
660 1389 849 1454 intexuerit.
877 1391 974 1456 1264.

229 1581 385 1652 Urbanus
410 1581 592 1669 Episcopus
618 1589 679 1651 eto.
698 1583 819 1652 dilecto
835 1585 903 1652 titio
922 1633 929 1648 .
947 1635 954 1650 .
973 1635 980 1652 .
998 1589 1170 1673 Proposito
1187 1589 1248 1655 Eo·

120 1691 224 1758 otesie
241 1691 355 1760 Sancti
382 1689 517 1776 Georgii
542 1691 778 1775 strigoniensis
805 1693 943 1760 satutem
969 1701 1031 1760 etc.
1057 1697 1249 1779 Apostolioe

117 1798 336 1884 benignitatis
352 1797 506 1865 effoetum
524 1798 695 1884 potissime
706 1799 795 1866 eirea
810 1798 886 1865 illos
902 1799 1056 1870 debemus
1073 1822 1248 1887 exponere,

118 1907 298 1990 dequibus
325 1905 489 1974 evidentie
515 1906 651 1974 olarites
676 1907 791 1987 innuit,
814 1907 903 1990 quod
918 1909 984 1975 sint
1000 1909 1092 1996 digni
1108 1911 1248 1995 speciali

117 2015 230 2098 gratia
246 2014 427 2081 ethonore.
459 2015 539 2083 (tum
558 2014 679 2098 itaque,
704 2013 791 2082 siout
816 2013 953 2081 diteotus
978 2015 1064 2083 fitius
1089 2017 1249 2102 magister

116 2121 236 2189 Xistus
248 2121 449 2207 Capelianus
468 2127 591 2204 noster,
607 2122 744 2187 olorinus
759 2127 792 2186 et
807 2121 938 2188 nuntius
955 2123 1196 2192 carissimorum
1214 2125 1247 2191 iu

115 2227 249 2295 cbristo
264 2227 402 2296 suumn
420 2235 605 2298 nemrouum
617 2227 728 2317 B(ete)
745 2228 846 2313 Regis
861 2237 894 2294 et
911 2277 919 2294 .
937 2277 945 2294 .
964 2269 976 2295 ,κ
990 2231 1115 2314 Regino
1131 2223 1243 2316 Unge-

115 2339 164 2404 rie
179 2336 363 2403 Illustrinm
378 2336 475 2402 uobis
488 2335 641 2419 emeruit,
664 2335 804 2404 diteotus
819 2335 906 2404 titius
922 2338 1068 2424 tigidius,
1085 2339 1247 2424 presbiter

116 2445 306 2513 Jouriensis
329 2444 500 2529 Diooesis,
528 2461 639 2512 seeum
664 2463 723 2530 pro
749 2446 892 2527 ipsorum
924 2445 1025 2530 Regis
1057 2455 1090 2513 et
1122 2448 1248 2534 Regino

114 2551 286 2635 obsequiis
317 2552 360 2618 ad
375 2551 613 2638 sportotioam
638 2550 756 2620 Sedem
782 2553 969 2636 arcesserit,
988 2550 1170 2642 et'propter
1187 2555 1249 2621 boo

115 2677 182 2729 nou·
199 2659 361 2727 modicum
378 2659 557 2738 laborarit,
574 2679 613 2726 ao
632 2659 730 2727 etiam
749 2659 996 2727 commendatus
1014 2661 1056 2729 de
1067 2657 1247 2730 'honestate

114 2784 242 2836 morum
258 2765 386 2851 etrite,
403 2785 465 2834 nee
482 2785 546 2832 uon
562 2767 744 2834 litterarum
766 2766 920 2850 seientia,
938 2769 1078 2834 noudum
1096 2769 1139 2836 sit
1154 2787 1248 2836 asse·

115 2883 211 2944 entus
227 2872 423 2943 beneficium
448 2873 720 2959 ecelesiastioum,
739 2875 782 2941 de
809 2893 873 2958 quo
889 2875 1057 2943 commode
1074 2879 1179 2963 possit
1195 2895 1247 2944 su-

114 2983 267 3068 stentari,
285 3001 345 3050 nos
362 2980 504 3050 eundem
529 2980 746 3069 presbiterum
768 2983 903 3050 obtentu
919 2981 1079 3050 dictorum
1095 2985 1196 3069 Regis
1214 2989 1249 3051 et

115 3093 244 3180 Regino
277 3100 416 3176 paterne
442 3091 672 3159 benevolentia
699 3093 960 3176 prosequentes*
974 3092 1161 3159 diseretioni
1192 3099 1247 3157 tue

116 3199 325 3284 mandamus,
349 3201 520 3282 quatenus
539 3197 757 3284 presbiterum
783 3198 901 3284 ipsum,
927 3198 1033 3264 siest
1048 3196 1194 3282 idoneus,
1211 3197 1246 3263 in

116 3305 272 3375 Eeeiesia
288 3306 433 3374 Budeusi
451 3305 707 3393 Vesprimiensis
724 3306 887 3390 Diooesis,
913 3304 1086 3371 dummodo
1103 3323 1162 3390 pro
1180 3305 1246 3371 otio

117 3417 149 3482 in
165 3415 284 3483 eadem
300 3413 452 3483 Euolesia
481 3415 624 3484 nondum
649 3413 828 3481 direximus
852 3413 977 3500 scripte
1001 3417 1124 3498 nostru,
1142 3412 1248 3480 faoias

116 3523 316 3591 anctoritate
332 3531 446 3590 nostra
470 3541 529 3609 per
552 3530 585 3590 te
600 3525 654 3590 vet
680 3522 856 3608 puralium
873 3521 906 3586 in
922 3520 1113 3588 ounouioum
1130 3525 1163 3586 et
1178 3519 1241 3586 ira-

115 3638 200 3700 trem
218 3632 332 3718 reeipi,
350 3649 391 3698 ao
405 3631 470 3701 sibi
485 3631 526 3698 de
542 3630 722 3716 prebenda,
740 3631 780 3698 'si
797 3645 864 3714 que
880 3631 912 3695 in
928 3627 1080 3696 Euolesis
1095 3627 1175 3714 ipsa
1186 3647 1246 3694 vu*

118 3747 172 3808 out
190 3739 236 3807 ed
252 3757 399 3826 presens,
417 3740 471 3809 rel
486 3757 584 3825 quam
600 3740 666 3807 oito
682 3752 719 3808 se
735 3738 878 3807 facultas
889 3736 1055 3820 obtuterit,
1074 3735 1248 3820 prouidere

117 3863 287 3936 procures.
304 3849 378 3916 Non
394 3847 550 3916 obstante
567 3853 690 3916 statuto
706 3847 748 3915 de
765 3851 854 3914 oerto
871 3844 1098 3912 canonicorum
1108 3860 1247 3912 numero

119 3957 306 4026 iuramento
324 3964 357 4024 et
373 3955 618 4025 confirmatione
633 3954 827 4042 Apostotioa
852 3973 911 4022 seu
937 3968 1132 4038 quacunque
1147 3949 1249 4016 firmi·¹

119 4071 191 4132 tate
207 4065 341 4148 vallato,
359 4071 416 4131 sut
431 4065 460 4132 st
470 4063 868 4150 dileetisflliisPreposito
879 4069 913 4129 et
928 4060 1080 4146 Capitulo
1097 4059 1244 4126 eiusdem

118 4171 286 4260 Eoeiesie,
302 4170 346 4240 sd
357 4187 447 4258 -quos
466 4175 708 4241 ‘eauouioorum
733 4170 893 4239 institutio
909 4171 942 4236 in
960 4187 1001 4234 ee
1015 4165 1133 4232 dieitur
1149 4165 1247 4251 porti·

59 4297 61 4301 ’
118 4297 207 4363 nere,
224 4299 247 4346 s
262 4276 349 4347 Sede
360 4280 553 4365 Apostolioa
568 4280 612 4346 sit
626 4279 797 4362 induitum,
813 4277 902 4361 quod
918 4274 1199 4358 ud'reeeptienem
1213 4277 1248 4338 et

12 4445 16 4455 .
117 4383 338 4472 provisionem
356 4385 495 4454 stieuius
519 4383 654 4453 minime
678 4391 865 4470 teneantur,
885 4383 1037 4468 quodque
1053 4381 1096 4446 ud
1112 4378 1147 4446 id
1163 4391 1247 4445 oom-

117 4492 197 4578 pelti
212 4492 267 4560 vet
281 4491 451 4579 suspendi,
467 4499 525 4559 aut
539 4491 691 4559 interdici
716 4511 775 4558 sou
792 4487 1065 4560 exeommunioari
1091 4505 1154 4552 nou
1170 4492 1247 4572 p'os-

117 4602 194 4686 sint,
211 4611 248 4669 et
261 4601 352 4686 quod
367 4601 452 4668 atius
478 4607 621 4684 nequeat
645 4600 689 4666 de
709 4596 885 4686 prebendis
910 4598 954 4663 ed
973 4593 1246 4662 eorum‘oottatie.

118 4709 437 4798 nemspeotuntibus
449 4707 614 4794 aliquibus
624 4706 798 4794 providere
808 4704 982 4794 peripsius
993 4703 1091 4774 Sedis
1105 4702 1244 4783 noem,
