3270 5280
616 411 774 514 „er—

129 609 328 680 auctoritate
354 615 475 694 nostra,
502 610 726 696 appellatione
752 617 887 696 remota,
920 613 1077 699 oogeudi;
1111 614 1256 687 faciendi

129 720 231 786 etiam
249 717 393 804 quinque
409 718 548 802 clericis,
565 719 622 802 qui
638 725 744 785 tecum
762 718 794 782 in
811 719 884 803 ipso
900 719 1032 806 negotio
1049 721 1259 812 laborabunt,

128 824 375 906 beneficiorum,
391 823 632 912 prebendarum
649 831 681 890 et
697 825 908 892 ecclesiarum
934 845 1065 894 suarum
1080 839 1258 914 proventus

129 943 251 1020 perte,
268 934 322 1002 rel
347 953 407 1018 per
431 933 531 1000 alium
556 949 616 999 seu
640 931 744 1016 alios,
773 931 949 1000 cotidianis
973 933 1257 1010 distributionibus

130 1041 295 1108 duntaxat
307 1042 466 1128 exceptis,
484 1041 610 1126 integre
626 1040 813 1127 ministrari,
836 1060 876 1107 ac
893 1042 922 1107 si
938 1042 971 1108 in
987 1045 1149 1132 eeclesiis,
1174 1069 1257 1134 quas

130 1171 190 1216 seu
206 1151 241 1218 iu
257 1149 376 1234 quibus
393 1171 432 1216 ea
448 1149 604 1233 obtinent,
631 1149 849 1234 personaliter
869 1149 1063 1237 residerent,
1079 1161 1113 1222 et
1129 1165 1257 1228 contra·

131 1258 278 1326 dictores
303 1278 364 1344 per
387 1277 560 1325 censuram
586 1256 856 1341 ecclesiasticam,
884 1260 1108 1344 appellatione
1124 1272 1254 1352 postpo-

131 1368 206 1450 sita,
235 1367 476 1454 compescendi,
512 1365 804 1432 consuetudinibus
835 1368 888 1432 rel
920 1369 1053 1436 statutis
1083 1375 1258 1444 contrariis

131 1476 358 1543 Ecclesiarum
382 1477 537 1560 ipsarum.
556 1475 755 1559 iuramento,
782 1473 1026 1542 confirmatione
1056 1477 1258 1566 Apostoliea,

131 1585 185 1649 vel
202 1603 396 1668 quacunque
412 1584 480 1650 alia
496 1582 649 1650 firmitate
666 1582 811 1667 vallatis,
823 1603 1028 1668 nequaquam
1040 1586 1259 1674 obstantibus,

132 1694 240 1761 libera
267 1694 310 1758 sit
336 1693 397 1760 tibi
422 1692 464 1758 de
490 1699 603 1760 nostra
629 1691 843 1777 permissione
868 1692 1021 1761 facultas.
1053 1693 1259 1764 Presentinm

134 1822 264 1886 quoqne
293 1802 489 1869 auctoritate
514 1801 731 1884 concedimus,
752 1808 789 1868 ut
803 1803 1027 1886 predicatores
1043 1805 1161 1887 crucis,
1177 1826 1259 1891 quos

131 1911 230 1978 adid
246 1909 378 1979 duxeris
403 1908 619 1996 deputandos,
636 1929 678 1976 ne
694 1908 883 1975 huiusmodi
899 1928 1009 1976 eorum
1024 1911 1257 1996 predicationi-

131 2021 193 2086 bus
210 2019 477 2105 impedimentum
503 2020 555 2085 rel
581 2017 718 2102 aliquod
742 2017 948 2085 obstaculum
973 2019 1150 2106 ingeratur,
1183 2043 1259 2107 que·

132 2127 269 2194 stuariis
285 2128 449 2194 uniuersis
466 2133 498 2192 et
514 2125 592 2193 aliis
609 2127 806 2210 quibuslibet
822 2135 855 2191 et
872 2126 1044 2212 predicare
1061 2131 1259 2216 volentibus,

133 2235 339 2322 proponendi
356 2235 482 2320 aliquid
499 2236 631 2326 populo,
658 2233 792 2300 dumah
809 2236 892 2320 ipsis
912 2237 1175 2320 predicatoribus
1192 2259 1260 2306 eru·

134 2345 183 2412 cis
212 2343 379 2425 negotium
399 2350 621 2428 proponetur,
648 2344 816 2410 licentiam
840 2345 1035 2414 interdicere
1062 2349 1196 2416 valeant
1220 2369 1260 2418 ac

133 2472 347 2539 compescere
374 2471 433 2536 per
459 2470 630 2520 censuram
655 2451 924 2537 ecelesiasticam,
942 2453 1071 2523 sublato
1086 2458 1262 2526 cuiuslibet

133 2561 373 2650 appellationis
389 2560 569 2642 obstaculo,
597 2559 812 2626 temeritatem
830 2579 950 2644 eorum,
977 2562 1032 2645 qui
1048 2583 1143 2632 secus
1160 2566 1259 2634 duxe-

131 2674 198 2738 rint
211 2668 473 2756 presumendum.
507 2667 724 2735 concedimus
750 2669 884 2752 insuper
910 2671 979 2756 tibi,
1000 2677 1036 2736 ut
1052 2691 1125 2740 cnm
1141 2675 1185 2741 ad
1201 2679 1259 2742 ali·
1383 2761 1389 2768 ⁸

133 2802 235 2864 quam
252 2779 363 2845 villam
380 2779 433 2842 rel
450 2775 627 2844 eeclesiam
644 2777 750 2859 Regni
763 2776 902 2860 predicti
918 2779 1147 2848 ecclesiastico
1163 2782 1260 2850 inter·

134 2889 223 2955 dicto
241 2887 445 2973 suppositam
471 2893 504 2954 le
529 2885 695 2951 declinare
722 2886 903 2972 contigerit,
929 2889 1037 2974 possis
1054 2889 1261 2958 interdictum

134 2994 322 3064 huiusmodi
338 2993 547 3078 suspendere,
566 3013 606 3058 ac
623 2991 746 3059 Divina
761 2991 881 3076 officia,
898 2994 975 3062 dum
990 2995 1112 3064 ibidem
1137 3019 1261 3066 moram

135 3104 289 3186 traxeris,
316 3099 349 3166 in
376 3103 491 3168 cadem
518 3099 670 3166 Ecclesia
694 3107 827 3186 propter
857 3103 963 3168 crucis
994 3103 1260 3191 predicationem,

136 3213 279 3281 exclusis
296 3209 596 3292 excommunicatis,
615 3216 647 3274 et
663 3208 737 3292 hiis,
749 3209 806 3292 qui
823 3230 957 3277 causam
973 3211 1147 3278 interdicto
1164 3210 1263 3280 dede-

135 3323 210 3406 rint,
229 3321 400 3388 eelebrarc
417 3339 457 3384 ac
475 3318 585 3383 lacere
602 3317 752 3383 clebrari.
780 3319 909 3384 Etcum
926 3320 970 3386 ad
986 3321 1060 3386 loca
1086 3319 1263 3388 interdicta

136 3439 168 3496 te
185 3429 352 3496 declinare
378 3426 561 3509 contigerit,
588 3424 865 3508 crucesignandis,
884 3427 1061 3493 dummodo
1079 3446 1262 3496 exeommu-

137 3537 237 3604 nicati
254 3554 320 3600 non
336 3533 456 3600 fuerint
466 3582 474 3616 ,
501 3552 564 3599 nec
589 3551 725 3598 causam
742 3532 892 3602 dederint
907 3533 1088 3618 interdicto,
1106 3533 1263 3600 audiendi

137 3656 169 3714 te
190 3651 344 3729 presente
361 3643 482 3708 Divina
499 3640 611 3707 officia
628 3639 744 3706 inillis
761 3639 922 3724 ecelesiis,
939 3639 1106 3723 inquibus
1126 3651 1263 3726 possunt

137 3775 179 3821 ex
195 3753 379 3840 privilegiis
395 3750 492 3818 Sedis
509 3750 700 3833 Apostolice
716 3757 794 3814 tunc
804 3749 961 3831 temporis
977 3750 1147 3834 celebrari,
1164 3751 1261 3818 liceu-

137 3863 218 3928 tiam
244 3863 359 3929 valeas
385 3859 562 3946 impertiri,
588 3864 741 3944 preterea
766 3856 962 3923 absolvendi
990 3877 1048 3942 per
1072 3867 1106 3924 te
1132 3859 1185 3925 rel
1202 3875 1261 3942 per

136 3972 238 4037 alium
256 3988 315 4036 seu
331 3969 426 4051 ¹alios,
443 3987 513 4048 cos,
531 3969 586 4049 qui
603 3974 718 4033 eontra
734 3962 986 4049 prohibitionem
1002 3965 1150 4048 predicte
1166 3965 1264 4034 Sedis

136 4083 188 4147 rel
214 4081 415 4161 Legatorum
441 4076 521 4156 eius,
539 4075 753 4158 Sepulchrum
779 4074 986 4139 Dominicum
1011 4073 1196 4152 visitarunt,
1221 4092 1263 4138 ac

137 4190 222 4265 illos,
239 4190 295 4270 qui
311 4193 527 4270 portaverunt
543 4183 673 4267 terrum,
684 4201 786 4258 arma,
803 4181 986 4266 lignamina
1003 4190 1035 4247 et
1050 4199 1174 4249 meroes
1191 4200 1262 4266 pro·

137 4296 260 4363 hibitas
277 4295 481 4377 Sarracenis,
508 4292 559 4357 vel
585 4291 671 4357 alias
689 4297 806 4357 contra
822 4288 1028 4355 Christianos
1043 4288 1199 4355 dederint
1214 4288 1264 4354 eis

137 4404 324 4486 consilium,
343 4401 504 4468 auxilium
520 4399 572 4465 vel
589 4400 752 4481 lavoreur;
779 4397 946 4480 quoslihet
961 4400 1061 4462 etiam
1078 4397 1215 4464 clericos
1231 4396 1263 4463 in

134 4511 325 4600 prelaturis,
343 4509 561 4595 dignitatibus
579 4509 632 4575 vel
649 4507 881 4592 personatibus
900 4506 1104 4590 constitutos,
1123 4524 1182 4570 uec
1198 4524 1263 4570 uon

133 4621 351 4708 presbiteros,
370 4617 425 4701 qui
443 4627 557 4683 contra
568 4616 833 4684 constitutionem
845 4614 993 4681 Ecclesia
1005 4615 1098 4699 leges
1114 4613 1167 4678 vel
1182 4613 1264 4700 phy-

134 4734 241 4799 sicam
269 4727 458 4811 audieruut,
483 4728 526 4793 ab
551 4725 921 4793 excommunicationum
947 4723 1128 4807 sententiis,
1147 4723 1265 4804 quibus

1000 4835 1021 4896 4
1032 4833 1050 4870 ff
