3250 5268
821 306 978 428 43⁶9..

339 525 425 588 terre
441 521 541 588 sciret
567 527 600 588 et
615 521 793 606 inquireret
809 523 1024 594 omnimodam
1040 521 1229 608 ueritatem,
1241 517 1289 590 'et
1305 523 1335 592 si
1352 529 1468 590 nostre

339 627 513 696 cellucieni
529 615 746 716 pertinentem
770 633 940 718 inuenerit,
966 637 1085 699 extunc
1100 629 1133 696 in
1149 627 1290 716 hijsdem
1306 631 1404 699 metis
1430 639 1469 698 et

338 737 495 824 terminis,
519 738 635 824 quibus
651 759 710 825 per
726 741 853 827 priores
868 759 1079 830 possessores
1097 759 1173 807 suos
1193 741 1334 808 limitata
1350 739 1465 806 iuerat

337 853 371 914 et
384 863 558 934 possessa,
584 853 744 918 statueret
759 858 793 918 et
809 851 997 937 assignaret
1012 849 1134 918 eisdem
1151 847 1314 918 Gekminc
1336 858 1369 917 et
1394 849 1466 937 'l'y-

337 975 414 1024 wan
435 957 507 1026 sine
531 957 611 1026 iuris
634 958 815 1046 preiudicio
842 961 962 1044 alieni,
988 955 1227 1028 reambnlande
1254 957 1467 1046 presentibus

337 1067 566 1135 commetaneis
582 1071 615 1133 et
635 1067 752 1135 vicinis
769 1067 925 1154 eiusdem,
951 1067 980 1134 si
999 1087 1064 1136 nen
1088 1067 1190 1136 inerit
1214 1067 1467 1146 contradictum,

340 1173 599 1244 contradictores
616 1183 732 1261 antem,
750 1175 779 1246 si
795 1179 850 1264 qui
866 1176 991 1261 fierent,
1018 1175 1061 1243 ad
1087 1183 1233 1245 nnsbam
1260 1176 1467 1268 presenciam

338 1289 500 1352 enecaret.
526 1282 590 1364 Qui
615 1283 746 1368 quidem
771 1285 888 1354 Comes
908 1285 1051 1352 Michael
1066 1285 1161 1351 nobis
1177 1285 1356 1371 rescripsit,
1374 1283 1467 1369 qnod

338 1391 477 1461 eandem
494 1399 616 1464 terram
632 1395 814 1463 inuenisset
829 1399 939 1463 nostre
965 1393 1147 1464 collacione
1175 1393 1413 1482 pertinentem,
1430 1401 1467 1460 et

340 1503 547 1590 presentibus
568 1505 716 1573 omnibns
733 1504 966 1574 cemmetaneis
982 1524 1022 1571 ac
1046 1501 1163 1571 ricinis
1189 1503 1293 1590 ipsios
1318 1511 1405 1570 terre
1430 1509 1468 1570 et

337 1629 403 1678 non
418 1609 730 1698 contradicentibus,
757 1613 931 1684 statuisset
956 1619 989 1680 et
1013 1612 1219 1700 assignasset
1244 1611 1406 1680 Gekminu
1428 1616 1465 1677 et

337 1717 461 1808 Tyuran
478 1723 663 1790 antedictis.
679 1724 750 1790 Nos
766 1725 878 1809 itaque
894 1724 949 1807 qui
965 1743 1006 1789 ex
1023 1721 1132 1790 edicio
1148 1722 1314 1809 susscepti
1330 1719 1465 1806 regimi-

336 1829 387 1896 nis
403 1830 507 1898 metiri
524 1829 682 1901 debemus
698 1833 817 1900 merita
832 1832 1043 1918 singulorum,
1053 1839 1086 1900 et
1095 1831 1269 1914 unicuique
1281 1827 1466 1898 secundnm

336 1958 467 2008 suorum
484 1939 696 2010 seruiciorum
711 1943 828 2014 merita
843 1939 946 2028 Regin
965 1960 1132 2010 occurrere
1151 1961 1225 2008 eum
1244 1939 1368 2020 iuuere,
1386 1957 1466 2005 con·

336 2044 521 2117 siderautes
546 2057 580 2118 et
605 2049 810 2120 attendentes
835 2049 1012 2118 fidelitates
1038 2059 1070 2118 et
1100 2049 1313 2118 seruiciorum
1343 2047 1466 2116 merita

335 2157 479 2244 ipserum
495 2157 647 2226 (iekmiui
664 2167 697 2228 et
708 2158 848 2246 Tywan,
864 2159 950 2243 quod
967 2159 1062 2228 uobis
1078 2160 1112 2226 in
1129 2159 1272 2227 diuersis
1290 2157 1394 2243 Regni
1405 2175 1465 2222 uo-

335 2265 395 2334 stri
410 2263 680 2353 expedicionibus
697 2267 912 2354 inpenderunt
923 2317 932 2352 ‚
950 2273 983 2332 et
1007 2266 1197 2352 specialiter
1223 2274 1358 2353 prepter
1383 2285 1463 2333 cou-

334 2374 559 2442 sernaeionem
577 2375 679 2444 castri
695 2377 798 2444 nostri
814 2373 855 2442 de
872 2375 1013 2462 Lyptou,
1030 2374 1064 2440 in
1080 2393 1146 2458 qua
1163 2395 1265 2462 opera
1290 2372 1464 2440 fidelitatis

334 2483 513 2570 inpendere
529 2484 722 2554 studuerunt
737 2483 915 2570 indefesse,
931 2489 1026 2570 prout
1046 2505 1106 2570 per
1132 2484 1272 2553 eundem
1300 2483 1463 2551 Comitem

335 2589 529 2661 Michaelem
545 2593 641 2661 nubis
658 2591 804 2662 constitit
820 2593 998 2676 euidenter,
1016 2596 1121 2680 ipsam
1137 2599 1257 2661 terram
1268 2590 1462 2676 Vidaselde,

335 2719 405 2768 cum
422 2701 571 2768 omnibus
587 2702 791 2786 utilitatibus,
808 2709 841 2771 et
856 2703 1070 2790 pertinenciJ's
1096 2701 1164 2770 suis
1180 2699 1363 2783 uniuersis,
1391 2699 1464 2783 qui-

334 2809 396 2875 bus
411 2827 471 2895 per
485 2807 572 2876 Vida
587 2815 794 2896 prenotatum
809 2809 945 2877 detenta
959 2809 1069 2876 iuerat
1084 2815 1117 2877 et
1142 2827 1307 2898 possessa,
1333 2807 1463 2876 eisdem

334 2913 496 2986 Gekmino
513 2924 546 2986 et
560 2917 700 3006 Tyrrsn,
717 2925 751 2986 ct
766 2937 825 3007 per
841 2904 898 2988 eos
914 2918 985 2987 suis
1011 2918 1210 3003 heredibus,
1234 2917 1463 3000 heredemque

334 3043 464 3095 suorum
480 3027 725 3096 successoribus
741 3027 901 3107 dedimus,
919 3025 1111 3095 donaoimue
1129 3031 1162 3094 et
1173 3025 1377 3109 contulimus,
1389 3025 1461 3092 inre

337 3121 495 3223 perpetuo
515 3119 822 3204 es'trrenocabititer
843 3133 980 3222 pacifice
997 3133 1243 3221 possidendam.
1271 3129 1372 3201 Cuius
1387 3133 1461 3218 qui·

334 3241 409 3312 dem
424 3249 511 3310 terre
525 3249 621 3328 mete,
638 3243 723 3312 sient
737 3245 772 3312 iu
787 3243 907 3312 litteris
922 3243 1027 3330 ipsius
1045 3243 1181 3312 Comitis
1191 3241 1365 3310 Michaelis
1379 3261 1461 3309 een-

333 3351 431 3419 lineri
445 3348 595 3438 uidimus,
613 3351 676 3420 boc
693 3351 807 3421 ordine
827 3351 1080 3438 distinguuntur.
1107 3351 1216 3442 Prima
1232 3357 1320 3444 meta
1345 3350 1461 3436 incipit

332 3479 354 3527 a
377 3467 472 3548 parte
495 3461 645 3528 orientali
673 3461 764 3529 iuxta
787 3459 922 3532 fluuium
947 3459 1055 3547 wag,
1083 3465 1117 3526 et
1143 3457 1190 3527 ibi
1211 3457 1271 3527 sub
1285 3457 1389 3528 salice
1407 3464 1461 3527 est

331 3574 437 3655 mets3
467 3567 546 3637 inde
559 3569 653 3638 uadit
669 3571 714 3640 ad
729 3577 850 3639 terram
877 3569 1055 3660 planiciem
1083 3567 1127 3636 ad
1152 3573 1279 3655 partem
1305 3567 1457 3636 meridio-

332 3675 442 3745 nalem
458 3696 561 3763 usqne
575 3677 738 3765 publicam
753 3679 859 3766 niam;
877 3687 911 3745 et
926 3674 973 3746 ibi
988 3677 1142 3747 saliendo
1157 3673 1265 3763 ipsam
1276 3677 1375 3762 niam,
1387 3685 1458 3744 ten-

332 3784 382 3852 dit
396 3786 437 3854 ad
452 3785 590 3855 rinulom
605 3788 733 3871 bobila,
751 3795 783 3854 et
798 3789 843 3855 ibi
859 3787 1074 3874 contignatur
1089 3783 1176 3853 terre
1200 3787 1280 3853 ville
1305 3787 1457 3874 Paluga3

333 3899 367 3961 et
391 3893 438 3964 ibi
462 3895 788 3983 transiendeipsum
813 3895 954 3964 riunlum
981 3893 1129 3964 ascendit
1153 3911 1252 3982 super
1276 3891 1387 3981 ntrsn,
1412 3893 1459 3962 ad

331 4001 422 4068 beret
446 4007 480 4070 et
507 4003 552 4070 ibi
578 4015 629 4074 est
652 4011 760 4090 meta3
791 4004 869 4071 iude
893 4002 1060 4072 asscendit
1094 4021 1153 4089 per
1178 3999 1297 4070 terram
1323 4003 1457 4089 Lyguet

332 4115 482 4180 vocatam
497 4131 601 4197 nsque
615 4121 734 4181 terram
748 4113 884 4181 comitis
900 4113 1034 4181 Andree
1049 4111 1109 4196 iilij
1131 4111 1280 4195 Alberti3
1305 4109 1381 4177 hinc
1406 4131 1456 4180 re-

330 4215 470 4288 flectitur
494 4219 538 4290 ad
562 4223 761 4291 occidentem
787 4221 829 4289 ad
854 4221 995 4306 uallem,
1024 4227 1058 4286 et
1082 4217 1128 4288 ibi
1144 4221 1354 4306 contignatur
1369 4227 1457 4288 terre

331 4317 484 4417 Fy'etba3
512 4329 590 4400 bine
614 4333 784 4402 descendit
808 4333 853 4401 ad
878 4331 1142 4416 septemtrionem
1168 4349 1274 4415 usqne
1297 4312 1457 4404 metasse

329 4439 487 4510 termines
502 4441 582 4511 uille
598 4443 766 4530 Solumns3
785 4441 862 4510 iude
886 4439 976 4507 cadit
1000 4437 1044 4506 ad
1067 4435 1264 4523 Aneupst'alr
1290 4439 1454 4520 necatum,

331 4555 365 4614 et
379 4549 551 4619 descendit
565 4552 604 4617 nd
621 4547 804 4636 predictum
819 4547 959 4616 rinulum
975 4547 1103 4632 bobila,
1121 4551 1154 4615 et
1169 4565 1229 4634 per
1251 4541 1380 4615 cursum
1405 4541 1456 4631 ip'-

330 4655 400 4728 sius
413 4657 504 4744 ilnoij
521 4657 693 4728 descendis
709 4641 753 4726 ad
767 4657 898 4727 iluninm
915 4654 1019 4744 ng;
1035 4655 1112 4725 bine
1127 4653 1292 4726 asscendit
1305 4673 1366 4744 per
1388 4651 1448 4724 dm
