3250 5268
348 576 504 660 predictis
520 577 653 645 interlui
670 587 702 644 et
719 601 760 646 ea
776 579 817 644 do
834 580 990 647 mandato
1016 579 1160 647 eiusdem
1178 581 1297 646 domini
1315 579 1473 647 (tardius-

351 683 392 750 lis
410 685 602 772 subscripsi,
618 694 651 751 et
667 692 803 770 rogatus
842 688 959 755 deliter
973 689 1148 773 publicavi.

349 858 412 930 (lV.
427 857 525 916 Orbdn
538 859 617 934 pulpa
631 862 742 918 leot-li
753 864 930 936 megerdsitd
945 862 1114 936 belltjabol,
1129 864 1203 920 mint
1215 861 1303 920 alabb
1322 865 1368 920 ὅθ.
1379 881 1421 920 sn.
1433 861 1475 935 a.)

790 1153 1043 1168 m

883 1577 938 1645 46.

349 1775 485 1864 Appon·
500 1773 654 1860 teoprobo
679 1773 948 1863 bizoupscipbooclc,
977 1776 1058 1863 bopp
1084 1776 1151 1842 roob
1168 1775 1344 1842 birtolsosolc
1354 1774 1477 1862 stota

494 1883 547 1948 loct
562 1905 583 1946 c
593 1881 828 1968 paormlalmt
843 1885 1042 1971 apcitedpuuk
1059 1884 1198 1952 eludtdk.
1223 1886 1321 1951 1263.

455 2060 639 2147 Capitulum
667 2061 854 2130 lauriensis
880 2061 1030 2130 Ecclesic
1055 2063 1214 2147 omnibus,
1241 2063 1286 2131 ad
1303 2083 1386 2149 quos
1402 2083 1474 2150 pre

347 2189 424 2239 sens
448 2170 604 2256 scriptum
629 2169 816 2254 peruenerit
840 2169 977 2237 salutem
1003 2172 1036 2236 in
1062 2169 1204 2238 Domino
1230 2151 1477 2258 sempiternam,

347 2278 399 2346 Ad
414 2278 639 2345 uniuersorum
656 2277 813 2344 noticiam
838 2285 953 2346 tenore
969 2277 1174 2363 presencium
1192 2280 1341 2348 volumus
1359 2297 1473 2364 perne·

347 2387 427 2471 nire,
444 2389 531 2472 quod
549 2384 716 2454 constituti
732 2405 841 2453 coram
858 2387 953 2454 nobis
978 2385 1141 2470 Georgius
1156 2383 1244 2452 lilius
1260 2383 1476 2473 blychedeue.

347 2493 549 2563 Benedictus
566 2491 653 2562 lilius
669 2494 812 2578 Andros,
830 2501 863 2562 et
879 2493 1025 2562 'l'bomas
1043 2493 1132 2560 filius
1149 2491 1240 2560 Bene
1267 2493 1477 2578 presentibus

348 2609 460 2672 etnon
478 2601 782 2670 contradicentibus
799 2602 949 2684 cognatis
967 2609 1000 2666 et
1015 2601 1248 2670 commetaneis
1264 2601 1344 2685 suis,
1372 2602 1476 2686 Kuup

347 2710 509 2792 videlicet,
526 2709 618 2776 Akur
633 2707 702 2776 lilio
718 2707 874 2792 eiusdem,
890 2717 922 2777 et
939 2707 1084 2794 'Georgio
1111 2707 1179 2774 filio
1196 2709 1340 2792 Martini,
1357 2728 1476 2795 propo-

348 2823 483 2887 suerunt
500 2822 697 2901 asserentes,
723 2816 812 2901 quod
824 2814 911 2882 idem
929 2813 1092 2902 Georgius
1109 2824 1232 2883 terram
1249 2835 1342 2882 suam
1359 2816 1475 2902 empti·

348 2927 434 2994 ciam
450 2927 495 2992 ad
510 2945 602 2992 usum
628 2925 726 2994 unius
752 2925 852 2989 aratri
878 2923 1105 3010 sufficientem,
1133 2923 1332 2990 Benedictus
1348 2941 1426 2990 vero
1444 2931 1478 2988 ct

347 3034 493 3118 'l'lromas
509 3037 680 3101 memorati
697 3041 816 3099 terram
827 3033 972 3118 ipsorum
985 3029 1221 3098 hereditariam
1232 3029 1381 3098 adusum
1397 3030 1474 3098 duo·

347 3163 417 3211 rum
428 3149 610 3208 aratrorum
623 3138 837 3208 sufficientem
848 3139 1028 3208 Kusdeucb
1046 3134 1369 3224 (vcgyKisDench)
1380 3158 1476 3205 voca·

348 3258 414 3316 tam
442 3247 537 3316 sitam
557 3249 779 3315 iuxtaterram
796 3245 990 3328 Pothuorch,
1007 3245 1154 3313 Ecclesie
1171 3253 1204 3312 et
1219 3242 1344 3310 Abbati
1359 3243 1475 3311 Sancti

347 3355 480 3424 Martini
496 3355 538 3421 de
554 3353 726 3422 Pannonia
740 3374 799 3440 pro
815 3353 989 3420 duodecim
1014 3353 1133 3418 marcis
1155 3341 1342 3436 argenti'ab
1359 3348 1475 3418 codem

347 3464 480 3531 Abbate
496 3479 605 3530 coram
621 3461 1029 3547 nobisplanarieaoceptis
1039 3459 1268 3528 perdidissent
1279 3460 1349 3526 iuro
1360 3477 1475 3544 perpe-

347 3581 403 3640 tuo
420 3567 658 3656 possidendas,
683 3569 731 3636 ita
746 3575 865 3654 tamen,
882 3568 969 3653 quod
994 3567 1023 3635 si
1047 3567 1160 3634 Abbas
1176 3565 1326 3652 prolatus
1342 3566 1476 3634 racione

347 3685 508 3746 terrarum
518 3673 737 3762 predictarum
755 3694 814 3761 per
831 3677 1017 3762 quempiam
1042 3669 1281 3756 molestaretur,
1305 3673 1477 3760 Georgius,

346 3783 545 3852 Benedictus
561 3791 593 3850 et
608 3780 752 3850 Thomas
768 3784 938 3851 memorati
954 3784 1058 3870 ipsum
1074 3781 1230 3868 expedire
1248 3788 1281 3850 et
1296 3777 1476 3849 detondere

347 3893 553 3960 tenebuntur.
586 3891 629 3956 Vt
639 3889 740 3974 igitur
755 3891 851 3958 huius
867 3892 915 3958 rei
932 3889 1033 3958 series
1057 3890 1156 3957 robur
1171 3893 1328 3976 perpetue
1343 3886 1479 3956 firmite.

348 4005 391 4072 tis
407 4001 563 4084 obtineat,
580 4007 751 4087 presentes
777 4001 905 4068 litteras
922 3999 1143 4069 concessimus
1168 3997 1272 4084 sigilli
1291 3999 1395 4066 nostri
1409 4019 1476 4066 mn·

347 4109 469 4178 nimine
485 4109 664 4175 roboratas.
696 4109 791 4174 Anno
818 4109 861 4174 ab
878 4107 1115 4176 incarnacione
1130 4105 1263 4173 Domini
1276 4103 1474 4188 wlleus,

348 4218 448 4286 tercio
465 4215 623 4301 Magistro
649 4217 818 4284 Demetrio
844 4216 983 4284 Lactora
1009 4214 1159 4283 Ecclesia
1175 4221 1287 4280 nostre
1304 4215 1477 4284 anaante.

503 4375 677 4448 <Eredetisa
692 4373 917 4432 ssent-martoni
929 4370 1084 4447 ldapdtsdg
1103 4368 1322 4445 tevtlttrtbsn.)

789 4666 796 4673 ν
810 4667 849 4674 η..
857 4667 925 4674 --υ-
933 4666 945 4672 -·
963 4667 990 4672 ...-
