3230 5268
866 354 1025 454 ..ns-e,

385 553 590 642 providentia
613 555 647 622 in
672 554 865 640 dignitatem
890 552 1011 622 arohee
1035 553 1158 621 loeauit
1173 553 1291 640 Regali
1316 554 1507 624 diademate

384 662 565 748 insignitos,
583 660 676 730 decet
691 670 782 732 tanto
798 663 939 750 amplius
955 662 1025 730 lore
1041 663 1135 750 paeis
1152 671 1184 731 et
1208 663 1404 733 concordiae
1420 665 1508 734 zela·

383 781 481 856 tores,
507 779 628 857 quanto
654 795 691 843 se
716 778 916 858 eognoseunt
939 771 1071 842 honoris
1097 778 1130 840 et
1145 772 1358 841 sublimitatis
1375 774 1507 859 apicem

384 883 483 949 altius
508 883 749 961 conscendisse,
775 888 811 949 ut
839 881 881 948 ab
898 879 979 968 ipsis
1004 888 1171 964 tamqnam
1197 881 1375 949 aluoernis
1391 901 1507 968 supra·

382 991 510 1076 positis,
528 991 622 1077 paois
638 996 671 1058 et
682 991 834 1078 justitiae
851 990 958 1058 lumen
974 988 1148 1075 refulgeat,
1159 995 1311 1057 eteorum
1328 988 1507 1060 eoncordia

382 1098 534 1187 personis
550 1098 759 1168 inferioribus
783 1098 977 1167 imitationis
1001 1105 1148 1166 transeat
1174 1101 1206 1166 in
1231 1101 1427 1188 exemplum.
1443 1100 1506 1167 lla-

383 1215 515 1294 propter
538 1215 631 1274 aonia
657 1205 920 1274 consideratione
936 1211 1126 1293 pensantes,
1145 1212 1178 1274 et
1193 1207 1226 1274 iu
1243 1209 1383 1293 peotoris
1400 1200 1506 1276 nostri

382 1317 484 1383 archa
500 1315 688 1400 diligentins
699 1313 915 1400 revolventes,
927 1317 1065 1399 quodex
1079 1316 1203 1384 Divina
1213 1317 1387 1386 elementia
1397 1319 1506 1404 Regni

379 1433 412 1494 et
426 1431 583 1492 terrarum
601 1424 823 1518 gubernacula
838 1431 1016 1510 teneamus,
1034 1425 1067 1491 iu
1084 1425 1200 1492 throno
1216 1426 1319 1512 Regio
1335 1427 1503 1512 collocati,

380 1551 421 1598 ne
446 1533 555 1600 lumen
580 1533 683 1618 paoia,
710 1549 772 1615 quo
798 1533 911 1600 luoero
937 1532 1117 1602 debeamus
1141 1534 1227 1615 aliis,
1248 1535 1406 1604 tenebrae
1423 1536 1501 1622 siut,

378 1660 451 1709 enm
475 1641 608 1709 domino
625 1637 837 1728 St(ephano),
854 1639 1072 1710 Serenissimo
1088 1643 1179 1727 Rege
1195 1640 1411 1726 Ungeromm,
1429 1662 1503 1712 eum

379 1768 443 1834 qno
459 1755 523 1818 tarn
549 1749 863 1836 consanguineitatis
888 1767 986 1833 quam
1001 1749 1172 1816 affinitatis
1188 1749 1289 1818 dbnla
1304 1751 1339 1820 in
1354 1750 1504 1820 amicitie

377 1877 436 1928 noe
453 1859 625 1944 oonneotit,
643 1867 675 1926 et
690 1858 879 1928 alterutrum
903 1877 963 1926 nos
989 1857 1129 1926 inritant
1152 1858 1196 1926 nd
1220 1857 1415 1928 concordiae
1432 1861 1502 1928 uni·

377 1985 481 2045 onem,
505 1985 619 2055 paoem
641 1967 773 2053 plenem
798 1973 831 2034 et
857 1972 1048 2051 perpetuam
1076 1967 1294 2053 promittimus
1311 1968 1501 2052 obseruare,

377 2093 473 2158 qnam
489 2093 547 2161 per
562 2094 621 2143 nos
637 2075 689 2144 uel
705 2096 764 2162 per
780 2081 909 2142 nostros
924 2074 1013 2141 nullo
1039 2094 1190 2160 umquam
1215 2084 1363 2161 tempore
1387 2077 1502 2162 aliqua

378 2183 593 2253 dissensionis
619 2185 804 2270 corruptele
828 2181 956 2252 disoidii
984 2183 1115 2252 zizania
1138 2183 1256 2252 violari
1272 2184 1422 2252 volumus
1440 2187 1500 2252 ali·

377 2300 538 2378 quatenns
554 2293 608 2360 uel
624 2293 797 2379 eorrumpi.
814 2294 856 2359 Et
871 2299 908 2360 ut
923 2291 1009 2359 liaeo
1025 2291 1153 2376 quidem
1170 2294 1264 2378 pacis
1280 2292 1415 2360 foedera
1427 2313 1502 2380 pos·

376 2408 449 2470 seat
474 2401 622 2486 personis
638 2401 837 2471 intermediis
853 2401 969 2469 lortius
986 2403 1110 2469 eouniri
1127 2425 1134 2467 :
1153 2421 1228 2469 eeee
1244 2403 1336 2468 uobis
1353 2410 1386 2470 et
1403 2423 1497 2490 prae·

375 2509 462 2578 dioto
477 2511 567 2596 Rege
584 2509 631 2578 St.
648 2509 681 2576 in
696 2509 806 2576 insule
817 2509 914 2594 jnxla
930 2511 1108 2579 Pouonium
1135 2517 1169 2578 et
1192 2509 1394 2579 Potiuburolr
1410 2513 1497 2598 pari-

375 2626 426 2688 ter
442 2617 633 2703 constitutis,
651 2618 684 2683 in
700 2623 773 2685 ooto
799 2637 968 2704 personas,
985 2619 1100 2703 quibus
1117 2618 1300 2687 arbitrandi
1314 2621 1497 2706 plenariam

374 2727 523 2797 dedimus
540 2726 739 2812 facultatem,
758 2747 891 2813 pennos
916 2727 992 2795 hino
1008 2734 1041 2794 et
1057 2726 1132 2796 inde
1148 2729 1275 2796 exstitit
1290 2731 1497 2817 compromis-

373 2855 455 2923 sum,
471 2835 593 2904 talibus
609 2845 716 2905 temen
733 2833 970 2904 conditionibus
980 2835 1170 2922 interjectis.
1181 2837 1244 2906 stb.

765 3029 907 3106 (Pelaoky
919 3049 945 3088 ιι.
957 3047 982 3088 ο.
996 3032 1058 3088 dol.
1071 3031 1102 3100 l.)
