3230 5268
600 353 752 460 m..

104 551 343 638 musmo,
355 550 397 620 de
407 550 525 635 quibus
534 552 622 621 idem
632 553 751 622 Οοωοι
766 547 877 620 Bodur
886 569 985 622 ruam
993 553 1127 623 vineam
1137 574 1232 624 suem

103 659 139 726 iu
154 657 325 728 Saxardia
338 660 375 726 iu
389 659 553 729 territorio
566 659 759 746 biomsterij
776 657 935 746 eiusdem,
959 661 992 727 in
1008 662 1117 732 medio
1141 662 1234 736 vine·

103 783 201 834 uum
225 765 366 853 prediati
388 766 531 838 Abbatis
555 765 789 838 Sexerdiensie
814 767 1035 857 adiacentem,
1052 791 1150 858 quam
1165 771 1234 857 qui·

105 870 186 944 dem
210 875 344 944 vinem
368 877 496 946 aBaal
518 878 661 947 vinitore
686 882 799 946 nostro
824 896 866 945 ex
891 884 1006 948 noema
1020 881 1235 965 permissione

104 980 196 1050 idem
223 981 343 1053 (tomes
367 982 479 1052 Bodor
503 986 704 1054 noscebatur
727 987 840 1073 precio
857 1005 1080 1074 comparasse,
1096 1008 1156 1075 pro
1171 1005 1232 1058 sex

102 1092 238 1176 merois,
254 1090 388 1160 racione
402 1093 587 1178 concambij
604 1093 708 1180 ipsius
724 1101 811 1164 terro
827 1093 949 1162 Peturd
964 1096 1185 1182 assiguando,
1201 1102 1235 1166 et

103 1199 344 1286 quinquaginta
360 1207 500 1284 quatuor
515 1221 646 1271 marens
670 1203 704 1269 in
730 1203 888 1290 denariis,
902 1206 1086 1289 prenotatis
1101 1204 1235 1290 Abbati,

104 1306 286 1392 iratribus,
314 1307 449 1376 officiali
473 1315 506 1377 et
526 1307 762 1396 jobagionibue
787 1311 979 1397 Monssterij
1004 1312 1235 1382 Saxerdiensie

105 1415 216 1504 ipsum
231 1416 409 1504 peeuniam
421 1437 494 1486 cum
510 1417 659 1502 predicta
683 1419 784 1491 uinea
799 1420 845 1488 ad
860 1439 898 1486 se
912 1419 1148 1508 recipientibus
1163 1438 1234 1509 per·

2 1547 3 1552 ¹
106 1524 209 1594 soluit
224 1525 398 1610 integriter
413 1545 525 1596 coram
541 1527 647 1612 nobis,
664 1535 697 1594 et
712 1547 772 1615 per
788 1527 929 1596 eundem
944 1525 1103 1596 Comitem
1123 1526 1235 1598 Bodur

108 1631 177 1700 suis
204 1631 383 1703 heredibus
398 1633 621 1719 heredumque
640 1655 773 1703 suorum
788 1636 825 1702 in
849 1643 1014 1723 posterum
1037 1635 1235 1706 successori·

106 1741 179 1826 bus,
201 1739 278 1826 jure
292 1753 450 1830 perpetuo
477 1748 510 1808 et
525 1743 784 1813 irrcuocabiliter
798 1744 1044 1832 possidendam,
1059 1744 1235 1813 tenendam

106 1846 233 1936 pariter
259 1856 292 1915 et
317 1848 504 1917 habendam
530 1851 751 1920 vendiderunt
777 1873 888 1922 coram
905 1852 1017 1938 uobis,
1034 1872 1074 1921 eo
1090 1850 1178 1938 quod
1193 1869 1235 1920 ex

106 1959 219 2047 precio
230 1957 333 2044 ipsius
344 1965 429 2025 terro
444 1959 567 2028 Peturd
581 1959 782 2031 Monasterio
798 1959 1013 2031 Saxerdienei
1027 1960 1134 2028 maius
1150 1978 1236 2028 com·

106 2067 243 2140 modum
259 2075 292 2134 et
307 2067 413 2136 maior
427 2069 551 2136 utititas
568 2069 746 2139 succedere
761 2071 943 2152 uidebatur,
961 2070 1105 2154 quamsi
1129 2085 1252 2138 tacu

106 2173 346 2264 permansisset
361 2181 395 2242 et
410 2175 563 2262 deserta,
589 2178 633 2245 ab
648 2175 880 2264 inpetitoribuu
911 2177 1017 2246 eciam
1033 2174 1236 2263 quibuslibet

106 2285 287 2353 suessione
311 2283 400 2353 dicte
424 2290 516 2353 terre·
536 2287 659 2356 Peturd
683 2287 750 2354 iam
775 2285 925 2369 vendite,
951 2285 1091 2373 predicti
1106 2281 1233 2369 Abbee,

19 2427 33 2454 t
107 2393 241 2476 iratres,
255 2391 409 2461 officialis
425 2401 459 2461 et
480 2393 679 2481 jobogioues
696 2395 888 2480 bionauterij
914 2391 1147 2462 Saxardiensis
1162 2409 1235 2460 eum

108 2521 222 2570 eorum
248 2501 495 2570 successoribus
521 2501 590 2570 suis
605 2503 748 2590 proprijs
765 2503 935 2572 laboribus
951 2507 986 2571 et
1002 2501 1159 2591 expensis
1176 2501 1236 2572 Ge·

1 2651 2 2690 r
107 2607 357 2677 mitemBodur
384 2615 592 2695 prenotatam
618 2610 745 2682 eteius
771 2611 984 2697 posteritates
1019 2608 1177 2697 expedire
1201 2615 1234 2676 et

1 2709 2 2734 ³
107 2717 242 2786 minare
267 2725 540 2803 assumpmentes.
565 2717 636 2785 Hoc
662 2740 728 2786 oon
743 2719 967 2808 pretermisso,
984 2718 1074 2804 quod
1088 2717 1119 2785 si
1132 2713 1236 2802 ijdem

1 2849 2 2912 ὴ
109 2825 215 2896 iilius
241 2825 366 2912 Abbas,
390 2826 512 2896 iratres
538 2825 580 2895 de
607 2827 788 2906 Gonuentu,
814 2827 975 2896 officiales
991 2833 1025 2894 et
1036 2825 1236 2912 jobegiones

108 2933 301 3021 iiouasterij
326 2935 580 3022 Saxardieusis,
607 2941 665 3004 aut
691 2953 900 3005 successores
927 2935 1104 3003 eorundem
1129 2933 1237 3019 ipsam

109 3049 230 3110 terram
255 3043 378 3112 Pctnrd
403 3044 469 3110 iam
494 3043 673 3129 venditam,
698 3045 740 3112 ab
768 3044 884 3112 eodem
902 3041 1030 3111 comite
1045 3039 1164 3118 Boou.
1180 3040 1237 3108 uei

1 3211 2 3216 ,
110 3150 152 3216 ab
177 3148 325 3219 eiusdem
349 3152 598 3223 successoribus
623 3148 790 3238 requirere
815 3158 873 3220 aut
897 3156 1045 3238 repetere
1062 3151 1236 3235 attempta·

109 3259 216 3327 uerint
232 3260 512 3348 quandocumque,
529 3262 618 3330 dicto
635 3261 754 3333 Comiti
770 3261 890 3346 Bodur,
907 3265 940 3327 et
956 3259 1025 3328 eius
1041 3255 1237 3347 posteritati·

109 3368 170 3436 bus
186 3373 299 3454 preter
320 3368 478 3454 judicem,
495 3375 572 3436 ante
588 3369 658 3436 litis
684 3369 881 3454 ingressum,
908 3365 1082 3453 sexaginte
1107 3381 1238 3432 mareas

109 3473 317 3544 denariorum
344 3477 549 3563 persoluere,
566 3483 601 3544 et
616 3476 750 3562 insuper
765 3483 880 3542 eontra
896 3473 1057 3543 Comitem
1074 3470 1188 3541 Bodur
1204 3475 1238 3538 et

110 3584 324 3668 posteritates
340 3585 444 3670 ipsius
462 3585 534 3652 sine
552 3583 691 3669 strepitu
707 3582 849 3650 alicuius
870 3579 989 3666 judioij
1014 3599 1099 3670 pene
1114 3580 1237 3647 calum·

109 3693 185 3774 puie
202 3691 374 3761 subiacere
398 3698 582 3774 teneantur,
609 3697 706 3778 prout
731 3696 981 3777 assumpserunt
996 3707 1108 3758 ooram
1131 3687 1239 3756 uobis.

110 3800 232 3869 Cursus
258 3807 369 3869 autem
394 3807 553 3866 metarum
576 3799 663 3867 dicte
687 3807 774 3868 terre
803 3797 927 3866 Peturd
957 3796 1088 3885 prefato
1119 3795 1237 3864 Gomiti

110 3908 222 3978 Bodur
237 3908 380 3995 uendite,
395 3909 468 3976 usui
483 3908 598 3993 uiginti
614 3915 809 3990 aratrorum,
826 3908 912 3975 sicut
928 3925 970 3974 ex
985 3905 1059 3973 uisu
1071 3905 1238 3973 oculorum

110 4018 204 4086 datur
230 4016 457 4105 considerare,
483 4016 686 4102 sufficientis,
713 4022 810 4105 prout
824 4013 983 4102 Magister
997 4011 1127 4096 biacba,
1142 4012 1238 4080 bomo

109 4126 235 4193 domiui
249 4125 362 4212 Regis,
378 4125 524 4194 ‘ihomas
541 4126 655 4193 Abbas
672 4125 715 4194 de
730 4124 886 4209 Feiduar,
902 4121 1000 4190 bomo
1017 4120 1141 4190 domini
1156 4119 1238 4188 stri-

114 4235 285 4316 goniensis
311 4231 569 4320 Arcbiepiscopi,
587 4240 619 4300 et
647 4252 730 4301 uuus
746 4253 787 4300 ex
802 4229 900 4299 uobis
916 4230 1028 4314 irater,
1044 4229 1088 4297 ad
1103 4227 1237 4296 cimam-

113 4341 270 4426 dandam,
286 4340 563 4413 reambulaudam
583 4348 618 4408 et
643 4338 860 4409 estimandam
886 4339 1010 4408 dictam
1034 4345 1155 4405 terram
1180 4336 1237 4404 Pe-

111 4448 183 4516 tnrd
199 4467 273 4516 cum
290 4449 416 4518 eisdem
432 4448 621 4518 bominibus
638 4447 763 4515 domiui
778 4447 880 4530 Regis
896 4453 930 4514 et
956 4443 1081 4514 domiui
1105 4443 1237 4513 brebie·

110 4557 238 4646 piscopi
263 4579 325 4644 per
351 4578 411 4627 nos
436 4557 620 4628 transmissi
644 4557 748 4639 Regio
764 4555 930 4640 mandato,
947 4554 1042 4622 nobis
1057 4554 1092 4620 in
1107 4549 1239 4638 scriptis

113 4667 314 4758 ”portando
329 4669 488 4755 predictis
502 4667 653 4755 partibus
678 4667 734 4734 uel
747 4665 868 4734 vicinis
883 4663 990 4750 ipsius
1005 4669 1091 4733 terre
1116 4659 1239 4733 Penei
