3270 5280
633 397 790 500 „ec—

151 597 238 659 tcrre
254 593 335 660 ituri
352 595 582 680 personaliter,
610 599 662 664 vel
690 601 819 667 missuri
835 599 912 669 illue
928 607 1075 689 ydoneos
1092 606 1281 688 bellatores,

150 705 209 766 aut
224 702 311 767 alias
329 709 456 787 partem
484 701 525 771 dc
551 706 646 772 bonis
663 709 733 774 suis
750 728 893 794 congrue
910 710 1002 779 iuxta
1017 719 1074 780 tue
1091 719 1124 778 et
1140 713 1281 797 illorum,

149 809 270 890 quibus
288 805 351 878 bec
368 813 581 893 commiseris,
608 835 668 899 pre
694 813 882 886 huiusmodi
903 819 1052 888 subsidio
1070 821 1281 890 discretionis

150 915 322 982 arbitrium
339 917 590 1006 ministrabunt,
609 929 643 989 et
669 922 888 1009 dispensandi
914 947 987 994 eum
1014 929 1144 995 clericis
1170 927 1280 998 huius·

150 1023 240 1090 modi
258 1025 371 1110 ligatis
397 1029 582 1114 sententiis,
599 1030 655 1121 qui
680 1051 716 1098 se
732 1033 939 1102 immiscuere
960 1032 1099 1118 Divinis,
1117 1055 1157 1103 ac
1172 1035 1278 1104 iniun-

151 1131 253 1218 gendi
279 1135 328 1201 cis
353 1135 567 1224 penitentiam
593 1140 794 1208 salutarem:
813 1141 1010 1210 absoluendi
1035 1143 1134 1212 etiam
1160 1146 1202 1212 ab
1227 1165 1282 1213 ex·

151 1244 457 1311 communicationis
486 1246 618 1315 vinculo
644 1247 738 1314 iuxta
764 1247 903 1317 formam
929 1251 1080 1320 Ecclesie
1106 1252 1193 1336 illos,
1222 1253 1279 1336 qui

148 1370 208 1437 pro
225 1350 374 1418 violenta
390 1349 565 1421 iniectione
591 1375 757 1439 manuum,
783 1365 817 1423 et
844 1357 1005 1425 incendiis
1023 1359 1055 1424 in
1072 1360 1280 1444 promulgate

147 1459 313 1527 sententie
331 1476 486 1526 canonem
504 1461 701 1549 inciderunt,
718 1470 751 1529 et
766 1484 826 1548 pro
843 1484 978 1548 quorum
994 1466 1089 1548 gravi
1106 1471 1140 1533 et
1155 1465 1279 1534 enormi

147 1586 289 1634 excessu
306 1566 411 1636 Sedes
438 1567 523 1636 ioret
548 1571 663 1639 merito
689 1572 888 1656 requirenda
913 1571 1076 1660 predicta,
1103 1571 1278 1642 dummodo

147 1673 289 1742 iniurias
306 1681 339 1744 et
354 1675 500 1762 dampna
523 1677 635 1763 passis
661 1678 869 1746 satisfaciant
894 1686 1127 1766 competenter,
1145 1686 1178 1748 et
1193 1683 1278 1750 tales

148 1785 258 1852 erneis
275 1793 446 1871 asumpto
463 1785 635 1870 signaculo
653 1785 693 1853 ad
713 1789 905 1858 mandatum
922 1797 1011 1856 tuum
1036 1789 1071 1856 iu
1095 1789 1278 1859 subsidium

148 1894 237 1962 dicte
256 1899 341 1959 terre
359 1913 396 1960 se
413 1894 563 1962 duxerint
588 1896 807 1982 personaliter
823 1897 1080 1980 transferendos,
1097 1897 1229 1983 plenam
1246 1905 1280 1966 et

146 2000 287 2068 liberam
305 2001 513 2070 concedimus
538 2007 734 2074 auctoritate
757 2007 958 2093 presentiam
986 2005 1190 2073 facultatem.
1223 2006 1277 2075 Ni-

147 2109 348 2178 ebilominus
365 2111 596 2198 concedentes,
612 2119 647 2180 ut
663 2113 777 2181 clerici
796 2120 830 2181 et
845 2113 924 2182 laici
939 2114 1046 2199 Regni
1057 2113 1195 2200 predicti
1211 2135 1278 2184 cru·

147 2218 310 2304 ecsignati
326 2227 360 2286 et
377 2221 638 2305 crucesignandi,
665 2223 811 2291 decimas
824 2245 892 2302 ¹non
909 2223 1133 2292 Ecclesiarum
1149 2225 1277 2294 ratione

147 2326 287 2412 pacifice
311 2326 516 2412 detinentes,
542 2329 665 2398 tructus
703 2350 815 2398 earum
844 2337 1022 2417 perceptos
1046 2333 1208 2402 haetenus
1241 2334 1275 2400 in

146 2432 236 2501 dicte
251 2441 336 2502 torre
365 2435 547 2504 subsidium
575 2445 766 2508 convertere
792 2439 928 2508 valeant
953 2459 1013 2525 per
1039 2459 1077 2508 se
1103 2440 1204 2528 ipsos,
1225 2439 1278 2509 uel
1399 2469 1402 2484 ·

147 2544 211 2612 tibi
227 2551 286 2612 aut
303 2543 380 2630 illis,
397 2545 516 2630 quibus
541 2545 603 2614 hoc
628 2543 820 2633 specialiter
837 2547 1049 2635 commiseris,
1064 2567 1181 2618 secura
1199 2567 1277 2618 eon·

146 2655 288 2723 scicntia
304 2655 472 2740 exhibere,
498 2652 701 2740 liberumque
727 2656 770 2721 sit
795 2655 856 2722 tibi
882 2653 1070 2724 dimittendi
1086 2676 1146 2745 per
1163 2662 1206 2744 te,
1224 2657 1278 2724 rel

145 2785 207 2850 per
223 2764 325 2832 alium
342 2783 402 2834 seu
417 2763 515 2850 alios,
532 2762 663 2833 clericis
681 2768 713 2829 et
727 2761 825 2832 laicis
842 2761 966 2832 eisdem
982 2763 1131 2849 quintam
1149 2770 1277 2855 partem

146 2873 347 2942 decimarum
372 2870 560 2942 huiusmodi
585 2879 809 2960 perceptarum
835 2873 1015 2960 haetenus,
1041 2874 1090 2944 ita
1120 2871 1207 2958 quod
1233 2871 1277 2942 sd

145 2981 246 3050 aliam
264 2981 505 3049 restitutionem
523 3000 632 3048 earum
652 2981 788 3049 minime
805 2986 976 3071 teneatur,
1002 2983 1061 3050 sed
1089 2982 1210 3050 exinde
1227 3002 1277 3052 rc·

146 3095 305 3158 maneant
320 3089 451 3177 penitus
469 3089 625 3174 absoluti,
642 3087 819 3158 dummodo
847 3090 994 3158 decimas
1010 3091 1146 3160 easdem
1163 3090 1276 3158 Eccle-

147 3201 219 3286 siis,
235 3198 280 3266 ad
296 3218 378 3285 quas
393 3206 544 3285 spectare
561 3208 748 3284 noscuntur,
766 3199 923 3271 duxerint
939 3200 1045 3269 libere
1061 3201 1094 3268 iu
1111 3205 1278 3286 posterum

146 3305 373 3377 dimittendas.
389 3308 538 3377 ceterum
555 3309 715 3395 volumus,
740 3318 776 3378 nt
791 3309 954 3398 premissa
972 3309 1084 3379 omnia
1099 3315 1133 3376 et
1148 3306 1278 3392 singula

146 3415 266 3502 exequi
283 3413 386 3484 libere
402 3417 527 3500 valcas,
552 3435 617 3482 uon
643 3417 805 3496 obstante,
830 3419 859 3486 si
884 3418 1035 3504 personis
1053 3417 1104 3484 vel
1122 3414 1204 3482 locis
1220 3421 1278 3482 eut

144 3524 315 3595 ordinibus
331 3525 499 3610 aliquibus
515 3547 537 3596 a
553 3531 737 3596 memorata
763 3527 807 3595 sit
821 3527 903 3596 sede
918 3526 1090 3606 indultum,
1115 3523 1205 3610 quod
1231 3522 1275 3590 in·

143 3633 274 3719 terdiei,
301 3635 461 3720 suspendi
477 3635 530 3704 vel
548 3635 826 3706 excommunicari
848 3655 913 3704 non
930 3631 1058 3721 possint
1073 3653 1133 3720 per
1148 3633 1277 3698 litteras

142 3743 366 3830 apostolicas,
391 3743 523 3832 plenam
549 3753 583 3813 et
608 3762 802 3829 expressam
827 3762 868 3812 ae
897 3742 938 3812 de
965 3743 1067 3809 verbo
1084 3739 1276 3810 adverbum

141 3873 208 3920 non
228 3850 389 3920 iacientes
416 3850 458 3920 de
483 3849 611 3919 indulto
639 3849 823 3920 huiusmodi
848 3851 1065 3936 mentionem,
1091 3854 1126 3916 et
1144 3847 1277 3936 quibus·

143 3961 226 4030 libet
242 3957 320 4028 aliis
335 3959 558 4046 indulgentiis,
569 3960 764 4048 privilegiis,
782 3981 840 4030 seu
858 3958 978 4028 litteris
995 3960 1039 4028 ab
1056 3957 1173 4026 eadem
1189 3954 1278 4024 Sede

143 4070 290 4140 obtentio
307 4069 361 4136 vel
377 4069 410 4135 in
426 4075 592 4157 posterum
618 4069 821 4148 obtinendis,
846 4085 984 4156 perque
1006 4067 1157 4154 predicta
1173 4063 1276 4150 impe·

144 4179 220 4263 diri,
236 4179 291 4246 vel
308 4177 414 4246 differi
429 4179 574 4262 valeant,
600 4185 634 4246 et
659 4180 702 4247 de
728 4178 848 4263 quibos
863 4197 923 4245 seu
940 4195 1076 4259 quorum
1091 4173 1169 4243 totis
1186 4178 1278 4242 teno·
1387 4229 1394 4246 ,

143 4289 238 4357 ribus
255 4289 456 4356 mentionem
481 4285 550 4354 lieri
575 4293 727 4375 oporteat
752 4291 784 4353 in
809 4286 931 4354 nostris
947 4283 1068 4352 litteris
1085 4277 1276 4369 specialem,

140 4403 173 4464 et
189 4395 426 4464 constitutione
452 4397 494 4464 de
519 4397 646 4465 duabus
671 4396 768 4464 dietis
786 4395 878 4464 edita
895 4395 928 4460 in
947 4391 1094 4464 Ooneilio
1111 4389 1276 4476 generali.

139 4505 264 4573 Datum
282 4501 371 4589 apud
386 4503 509 4572 Urbem
537 4503 688 4572 Veterem
705 4503 744 4571 V.
762 4503 876 4571 Nonas
893 4497 1056 4568 Octobris.
1085 4494 1276 4584 (Pontifica-

138 4619 192 4680 tus
208 4611 331 4697 nostri)
348 4631 434 4680 anuo
449 4613 558 4680 tertio.

243 4733 307 4808 (ru.
322 4731 422 4791 ercan
434 4731 515 4809 papa
527 4730 725 4808 negantiam,
739 4731 867 4790 uterne
880 4732 919 4789 ru.
932 4749 968 4788 m.
982 4729 1004 4788 1.
1017 4731 1045 4788 r.
1058 4731 1122 4788 aas.
1136 4728 1170 4802 1.)
