3270 5280
144 1201 206 1267 IV.
225 1202 334 1268 Orbeiu
345 1204 439 1286 pcipe
455 1224 493 1264 uo
510 1202 694 1286 crateryamc‘
718 1197 863 1262 drsckrsek
889 1196 1085 1282 ruapboqyja,
1102 1193 1182 1278 boqy
1198 1191 1272 1254 Bes·

144 1311 238 1396 scorpii
264 1307 445 1394 (Bisscaus)
473 1311 601 1396 Molpea
625 1319 758 1394 mactent,
785 1309 937 1396 ocsaprdm
968 1301 1136 1391 mcgyebdli
1163 1312 1271 1390 papol,

301 1418 629 1505 epylrcizijucadulom
646 1416 857 1502 eluysrdsebon
874 1415 993 1501 sopitae.
1015 1411 1109 1476 1263.

257 1615 412 1682 Urbanus
449 1615 630 1700 Episcopus
666 1619 727 1679 stc.
760 1610 941 1678 venerabili
972 1608 1065 1676 fratri
1084 1655 1091 1671 .
1110 1656 1117 1670 .
1136 1655 1143 1670 .
1161 1605 1271 1670 Archi-

146 1723 305 1808 episcopo
322 1724 541 1806 strigoniensi
576 1724 717 1788 sulutem
744 1729 805 1786 etc.
837 1719 1029 1804 Apostolicc
1059 1711 1271 1797 benignitatis

146 1832 301 1899 affectum
317 1833 489 1918 potissime
515 1831 604 1899 circa
631 1832 706 1899 illos
727 1830 885 1898 debemus
902 1844 1079 1913 exponere,
1096 1821 1271 1904 dequibus

145 1939 313 2010 evidentia
329 1943 465 2010 claritas
490 1943 603 2025 iuuui‘,
629 1942 717 2023 quod
743 1939 811 2006 siut
835 1938 927 2024 digni
953 1935 1090 2024 speciali
1115 1930 1221 2018 gratia
1238 1935 1270 1993 et

144 2050 278 2118 bonore.
296 2051 384 2118 Sane
402 2052 541 2120 dilectus
556 2053 644 2118 filins
661 2052 820 2134 Magister
835 2049 978 2116 Mathias
995 2046 1152 2113 Bissenos
1169 2039 1270 2109 Cleri-

142 2176 200 2223 cus
217 2157 472 2244 vesprimiensis
487 2161 651 2241 Dioccsis,
680 2161 793 2227 doc'or
818 2163 972 2242 nepotum
988 2149 1188 2221 venerabilis
1206 2147 1269 2212 fra·

144 2267 204 2332 tris
220 2267 325 2332 nostri
342 2316 349 2330 .
368 2319 375 2334 .
394 2317 401 2334 .
419 2268 575 2354 Episcopi
593 2267 786 2348 Pcnestrini,
812 2284 936 2332 morum
953 2268 987 2330 et
1001 2259 1139 2329 scientie
1164 2255 1270 2324 nosci·

144 2358 198 2440 tur
214 2375 323 2442 iurari
339 2377 476 2460 meritis,
492 2383 528 2442 ut
544 2376 634 2461 apud
644 2395 703 2442 nos
714 2375 883 2442 invenisse
899 2369 1042 2458 gandeat
1058 2365 1181 2434 favoris
1198 2385 1270 2447 gra-

144 2483 227 2549 tiam
244 2485 411 2570 specialis.
444 2486 532 2552 Hinc
555 2491 615 2570 est,
643 2485 729 2569 quod
754 2504 815 2551 nos
832 2483 864 2548 in
881 2482 954 2566 ipso
970 2478 1092 2547 dictum
1111 2471 1270 2542 Peucetri·

143 2611 222 2658 num
240 2592 452 2678 Episcopum,
468 2593 523 2677 qni
540 2613 611 2660 eum
629 2593 725 2661 nobis
742 2590 932 2661 affectuosis
942 2587 1094 2676 precibus
1112 2601 1270 2650 commen-

145 2701 262 2785 davit,
294 2703 457 2770 bonorare
489 2705 659 2782 volentes,
700 2699 912 2784 mandamus,
948 2699 1110 2783 qnatenus
1143 2688 1271 2777 prelato

144 2809 303 2894 magistro
329 2810 361 2874 iu
389 2810 501 2893 aliqua
524 2809 736 2877 ecclesiarum
762 2807 915 2873 Civitatis
941 2823 1001 2874 scu
1025 2799 1186 2881 Dioccsis,
1216 2802 1271 2862 aot

145 2917 318 2983 Provincia
335 2916 572 3001 Strigonieusis
599 2917 801 2994 Gatbedrali,
819 2917 870 2982 vel
887 2915 954 2980 alia
971 2913 1011 2978 de
1027 2904 1197 2996 prebenda
1212 2923 1269 2971 scu

144 3025 306 3091 beneficio
322 3027 563 3108 ecclesiastico,
583 3027 680 3092 etiam
692 3045 801 3092 curam
812 3023 995 3090 animarum
1011 3019 1164 3100 habente,
1179 3013 1270 3080 cuius

145 3141 324 3220 proventus
355 3136 502 3201 valorem
534 3121 676 3200 aunuum
711 3130 896 3218 quindecim
929 3147 1109 3195 marcarum
1141 3122 1269 3207 argenti

146 3243 326 3327 attingant,
343 3241 372 3309 si
389 3249 487 3310 vacat
503 3245 546 3310 ad
563 3261 709 3327 presens,
722 3242 775 3308 vel
786 3240 949 3324 quamcito
967 3258 1004 3305 se
1020 3235 1160 3302 facultas
1177 3231 1269 3297 obtu-

145 3352 228 3434 lerit,
246 3351 443 3418 auctoritate
468 3358 580 3418 nostra
606 3357 714 3435 perte
731 3370 789 3418 seu
814 3369 873 3434 per
889 3348 988 3414 alium
1005 3342 1180 3432 providero
1196 3356 1268 3424 pro-

146 3477 249 3538 cures,
270 3459 396 3525 faciens
422 3481 495 3527 eum
520 3459 554 3524 in
581 3457 738 3542 Ecclesia,
765 3457 800 3524 in
820 3476 887 3540 qua
902 3456 967 3524 sibi
983 3450 1150 3539 provideri
1168 3447 1269 3515 couti·

145 3568 240 3652 gerit,
268 3565 543 3653 adprehendam
569 3565 621 3632 vel
645 3564 840 3632 beneficium
865 3561 1061 3645 huiusmodi,
1094 3563 1267 3644 postquam

146 3675 209 3742 sibi
225 3672 265 3740 de
282 3676 356 3759 ipro
372 3681 512 3741 vacante
537 3674 703 3760 provisum
729 3673 836 3758 fuerit,
862 3672 895 3738 iu
913 3671 1046 3739 fratrem
1063 3675 1095 3735 et
1110 3665 1144 3732 in
1161 3665 1267 3732 cano-

145 3785 255 3850 nicum
272 3782 384 3868 recipi.
416 3783 488 3848 Non
515 3785 678 3864 obstante,
706 3782 735 3850 si
759 3801 818 3867 pro
844 3781 919 3847 aliis
935 3779 968 3845 in
985 3776 1139 3846 Ecclesia
1156 3773 1267 3840 huius·

145 3891 233 3958 modi
250 3891 376 3977 scripta
392 3903 505 3958 nostra
530 3890 722 3972 direximus,
744 3889 859 3973 quibus
876 3908 948 3955 oum
964 3887 1112 3954 volumus
1128 3885 1161 3949 in
1178 3902 1269 3950 asse·

145 4000 275 4066 cutione
301 3996 487 4065 huiusmodi
513 3999 684 4085 prebende
700 4000 753 4066 vel
765 3996 915 4066 beneficii
931 3993 1097 4077 anteferri,
1115 3992 1172 4060 sed
1190 4010 1266 4076 quo-

145 4109 190 4175 ad
206 4107 274 4172 alia
291 4107 648 4194 nullum-preludicium
664 4108 835 4194 generari;
853 4107 948 4174 autsi
964 4103 1129 4188 aliquibus
1146 4123 1166 4168 a
1183 4099 1268 4170 Sede

145 4213 340 4300 Apostolica
367 4214 409 4282 sit
434 4213 611 4299 indultum,
640 4216 730 4300 qnod
746 4217 788 4282 ad
805 4213 1027 4300 receptionem
1043 4213 1094 4279 vel
1111 4211 1269 4296 provisio·

145 4342 217 4388 nem
234 4323 374 4390 alicuius
400 4323 532 4392 minime
557 4329 739 4406 tencantur,
767 4322 919 4408 quodque
935 4321 980 4388 ad
996 4319 1029 4386 id
1047 4319 1199 4406 compelli
1215 4319 1268 4386 rcl

144 4430 314 4516 suspendi,
341 4437 398 4496 aut
423 4430 575 4500 interdici
600 4451 657 4499 seu
684 4427 957 4498 excommunicari
983 4449 1047 4495 non
1072 4429 1209 4516 possint,
1235 4435 1267 4496 et

142 4535 228 4620 qnod
246 4535 287 4604 de
305 4537 472 4607 beneficiis
498 4541 542 4606 ad
567 4560 677 4607 eorum
706 4539 913 4607 collationem
941 4536 1167 4624 spectantibus
1184 4535 1265 4604 nulli

142 4647 254 4716 valeat
271 4647 437 4732 provideri
461 4668 520 4734 per
546 4647 649 4735 ipsius
675 4645 772 4714 Sedis
799 4647 925 4714 litteras
942 4665 1006 4712 non
1023 4643 1182 4715 facientes
1197 4646 1267 4732 plc-
