3250 5268
8 1307 10 1336 ³
105 1343 165 1409 Ν.
182 1343 291 1411 coen
300 1345 459 1435 peperat
479 1345 683 1414 amicae
707 1369 729 1412 a
747 1351 881 1438 popae,
897 1346 1004 1418 aanor
1020 1351 1111 1421 oua
1136 1354 1233 1422 raes.

214 1557 371 1630 Urbanus
396 1561 581 1650 Episcopus
614 1568 676 1631 eto.
700 1563 947 1634 venerabilibus
978 1565 1134 1638 fratibus
1161 1619 1170 1639 .
1196 1619 1234 1638 ..

106 1667 329 1753 Strigonieusi
354 1676 388 1736 et
416 1669 663 1738 ...Golooeosi
695 1668 965 1759 Archispisoopis
996 1675 1138 1744 salntem
1170 1682 1232 1747 sto.

6 1835 7 1858 ,
105 1779 167 1845 Pro
183 1777 306 1845 nostris
321 1775 489 1846 humiliter
502 1777 663 1848 habentes
680 1781 797 1867 oculis,
814 1780 957 1865 qualiter
971 1780 1047 1852 fidei
1063 1782 1235 1856 (ialholice

106 1885 302 1972 dignitatem
317 1886 496 1956 instituerit
511 1889 615 1958 virtus
639 1893 672 1957 et
696 1890 861 1976 rapientia
882 1890 945 1959 Dei
960 1887 1074 1979 patrii,
1091 1891 1235 1978 quietem

107 1994 218 2062 cordis
249 2013 309 2064 sen
340 1995 613 2080 tranquillitatem
644 1999 762 2066 mentis
798 1999 922 2067 habere
952 2019 1019 2066 non
1049 2019 1234 2089 poasnmns,

5 2097 6 2106 ’
106 2101 240 2187 qnando
254 2101 352 2172 fidem
367 2105 473 2190 ipsam
499 2105 682 2192 impugnari
699 2106 752 2175 vel
767 2105 908 2194 deprimi
922 2107 1075 2193 nequiter
1101 2127 1234 2195 persen·

4 2303 5 2312 ἵ
105 2212 204 2280 timus
219 2237 227 2278 ι
244 2219 418 2298 nostreque
444 2212 626 2282 allectionis
652 2215 889 2300 plenitudinem
908 2234 967 2284 seu
982 2213 1078 2284 nobis
1093 2215 1236 2286 intusum

106 2321 217 2389 aDco
233 2321 489 2391 sincerlssimam
513 2323 718 2392 voluntatem
745 2323 790 2392 ad
818 2323 881 2392 hoc
898 2327 968 2392 tota
988 2323 1107 2393 virtute
1122 2325 1234 2410 dirigi·

3 2473 4 2508 ,
105 2449 187 2516 mus,
215 2434 250 2497 ut
275 2429 499 2500 defensionem
525 2451 565 2499 ae
590 2431 826 2501 exaltationem
842 2431 946 2520 ipsius
960 2431 1040 2500 fidei
1055 2433 1127 2501 sino
1141 2453 1236 2503 xncra

106 2537 285 2626 magnifice
300 2558 523 2626 procuremus.
556 2541 645 2609 Sane
673 2537 864 2609 carissimus
879 2540 913 2607 in
929 2537 1061 2609 Christo
1077 2539 1163 2612 filius
1179 2562 1236 2611 no

105 2653 173 2716 ster
189 2643 303 2734 B(ela)
319 2647 460 2716 illustris
476 2649 547 2717 Rex
564 2647 712 2732 Ungarie
739 2655 897 2734 tanquam
918 2649 1076 2739 Princeps
1091 2649 1235 2720 catholi-

104 2775 173 2840 cns,
192 2762 227 2823 at
242 2755 277 2822 in
292 2755 539 2842 ampliationem
556 2754 736 2826 christani
746 2755 886 2825 nominis
902 2756 1076 2846 studiosus,
1091 2760 1147 2847 pie
1162 2777 1236 2828 oon·

103 2863 257 2932 siderans
273 2867 306 2930 et
321 2861 498 2950 prudenter
515 2863 695 2932 advertens
711 2864 866 2950 Regnum
882 2860 1029 2950 Ungario
1044 2871 1236 2936 consuetum

2 2959 3 2974 ¹
105 2989 282 3040 numerosa
307 2971 514 3041 multitudine
538 2971 684 3041 fidelium
713 2970 891 3053 abundare,
915 2977 1047 3060 propter
1070 2973 1236 3043 incursum

104 3077 319 3148 Tartarorum
343 3079 522 3148 crudelium
552 3079 656 3150 inisse
679 3081 722 3147 'in
749 3079 927 3149 cultoribus
952 3078 1122 3151 Catholiee
1148 3080 1235 3165 fidei,

104 3189 318 3275 permittente
332 3190 483 3276 Domino,
500 3193 646 3276 graviter
662 3191 857 3276 diminitum,
872 3207 913 3260 ac
928 3209 1028 3278 snper
1043 3191 1105 3259 lroo
1119 3191 1235 3262 solens

105 3297 148 3366 de
165 3298 391 3383 qualicunque
413 3298 558 3368 remedio
583 3299 777 3386 providere,
805 3317 877 3366 cnm
896 3297 1093 3385 providendi
1108 3296 1151 3368 dc
1166 3298 1234 3367 allo

105 3405 307 3496 competenti
321 3406 436 3474 votiva
452 3406 516 3474 albi
531 3425 598 3474 non
613 3413 795 3504 occurreret
809 3404 1042 3494 promptitudo,
1069 3406 1236 3506 Cumanos

2 3557 3 3594 2
104 3514 234 3584 aenltn
251 3511 420 3582 Catholioe
435 3511 512 3580 fidei
528 3515 657 3584 alienos
673 3513 708 3580 io
723 3513 870 3600 Regnum
886 3515 994 3600 ipsum
1011 3532 1063 3599 ea,
1081 3513 1235 3582 cicutas·

105 3623 200 3708 serit,
219 3619 407 3692 conditione
429 3621 569 3708 induxit,
594 3629 629 3692 ut
652 3620 703 3690 illi
727 3641 769 3689 ex
793 3623 852 3709 eis,
878 3620 933 3707 qni
957 3638 1017 3708 pro
1033 3620 1235 3692 exaltatione

2 3735 3 3782 l
105 3731 184 3799 fidei
210 3753 252 3801 ac
270 3729 513 3800 restauratione
537 3729 646 3817 Regni
672 3729 818 3800 einadem
843 3727 973 3798 devotis
998 3728 1044 3796 ibi
1070 3727 1236 3799 mentibus

106 3839 317 3928 susciperent
340 3838 530 3921 incolatum,
555 3839 688 3908 renasci
712 3837 803 3907 fonte
818 3836 1030 3923 baptismatis
1045 3842 1079 3905 et
1094 3838 1236 3905 cultores

105 3947 261 4036 perpetui
284 3945 443 4016 deberent
466 3945 537 4017 lieri
563 3945 735 4017 catholieo
763 3945 926 4034 puritatis.
957 3945 1026 4014 Sed
1050 3963 1128 4014 enoc
1148 3943 1236 4013 idam

104 4056 191 4139 Rex,
208 4061 303 4142 prout
319 4053 481 4125 exrelatu
507 4057 559 4126 sui
583 4055 695 4124 nuncii
719 4053 875 4141 specialis
900 4053 1011 4124 tristes
1037 4053 1237 4140 accepimus,

105 4151 289 4232 intentione
305 4183 366 4234 aua
381 4164 544 4232 laudabili
560 4161 736 4234 enormiter
751 4164 898 4230 remanet
913 4159 1137 4246 defraudatus,
1154 4159 1232 4229 dum

104 4272 210 4360 pauci
225 4271 268 4340 dc
283 4271 500 4342 Cumanorum
515 4273 662 4362 ipsorum
678 4271 822 4342 maxima
833 4268 1039 4340 multitudine
1053 4287 1128 4354 cum
1143 4273 1233 4339 astu-

104 4381 156 4449 tia
171 4380 274 4448 multa
289 4379 415 4450 fraudis
437 4381 484 4450 'ad
510 4381 614 4468 ipsius
638 4377 744 4464 Regni
770 4378 931 4448 coloniam
946 4381 1165 4464 nanscuntes,
1180 4379 1236 4465 qni

106 4489 152 4556 ad
177 4487 380 4576 baptismale
403 4487 570 4558 lavacrum
595 4493 833 4577 pervenerunt,
857 4485 955 4555 fidem
979 4484 1237 4572 dampnabiliter

105 4605 279 4686 respuunt,
295 4615 394 4682 quam
418 4597 451 4665 in
476 4601 683 4667 sacramento
699 4593 885 4664 huiusmodi
900 4593 1065 4664 fallaciter
1080 4611 1236 4683 suscepe-

98 4713 182 4796 runt,
199 4705 349 4795 reliquis,
375 4725 511 4794 quornm
535 4725 689 4782 numerus
714 4723 817 4794 supra
841 4703 1001 4790 creditum
1016 4706 1068 4777 est
1083 4700 1233 4788 diffusus,
