3270 5280
701 327 741 393 1=1
764 323 765 326 ’

150 520 351 609 Apostolioe
366 522 533 602 mandato,
550 481 603 588 vel
620 523 688 589 eius
699 523 819 590 nuncio
835 521 985 608 speciali.
1002 521 1123 593 Datum
1140 526 1280 596 Wienne

152 648 244 697 anuo
261 627 395 698 Domini
409 629 584 700 MGOLXI.
601 629 706 716 pridie
722 630 790 698 kal.
809 630 943 716 Aprilis.

151 823 194 896 (Α
210 829 463 891 lineamentorum
475 831 627 890 Boicorum
640 830 780 888 collectio
795 849 880 902 nova,
895 831 1005 890 XXIX.
1019 830 1119 888 liitete
1128 829 1186 888 2·st
1196 829 1277 888 rosae

563 922 624 980 174.
638 923 657 978 1.
669 920 751 981 utun.
767 923 872 994 cuci.)

148 1855 225 1919 Otto
248 1853 381 1941 pussuui
406 1849 592 1936 pllepo'luock
620 1848 808 1936 apponenti
832 1846 956 1912 kiudott
986 1845 1089 1912 moui
1119 1843 1276 1911 lustaus

660 1955 757 2018 1261.

259 2154 336 2222 Otto
352 2153 415 2220 Dei
431 2153 550 2237 grauia
565 2153 714 2220 Ecclesie
731 2151 941 2218 Patauiensie
958 2148 1140 2238 Episcopus
1150 2153 1276 2218 uniuer-
1398 2197 1402 2210 .

148 2263 199 2330 sis
215 2262 338 2332 Christi
353 2262 507 2330 fidelibus
523 2262 609 2328 hano
626 2262 758 2330 literam
774 2259 972 2345 inspecturis
989 2260 1129 2326 salutem
1153 2258 1185 2324 in
1210 2255 1276 2324 Do·

148 2371 251 2438 mino.
279 2370 364 2450 Quia
381 2372 709 2454 pacistranquillilas
734 2377 768 2438 ot
797 2371 918 2438 bouum
933 2368 1107 2438 concordie
1131 2367 1197 2456 piis
1222 2386 1275 2434 am

149 2475 328 2564 plectenda
343 2487 420 2546 sunt
436 2478 609 2546 affectibus
625 2484 658 2545 et
673 2479 832 2562 sinceris;
857 2496 936 2560 nos,
961 2477 1018 2560 qui
1043 2482 1136 2560 pacis
1153 2481 1185 2542 et
1202 2495 1275 2544 con·

149 2587 264 2654 cordio
281 2586 439 2655 debemus
450 2606 524 2655 esse
536 2585 644 2654 modis
654 2585 803 2653 omnibus
813 2591 1006 2668 sectatores,
1023 2583 1066 2652 ad
1078 2585 1275 2670 peticionem

146 2701 182 2762 et
197 2692 397 2760 instanciam
414 2693 626 2762 serenissimi
642 2691 766 2762 domiui
780 2690 818 2758 Ο.
836 2691 937 2776 Regis
962 2691 1139 2778 Bohemie,
1171 2690 1275 2758 Ducis

144 2801 281 2868 Austris
297 2808 331 2868 et
346 2800 466 2888 Styrie,
476 2799 674 2870 Marchionis
685 2800 841 2884 Mortuis,
852 2801 952 2868 iurati
961 2800 1177 2886 promittimus
1187 2799 1276 2866 bona

146 2908 235 2994 lide,
253 2909 343 2993 quod
359 2908 466 2995 ipsum
482 2928 542 2994 por
558 2915 705 2976 nostram
726 2907 895 2996 Dyocesin
919 2907 1274 2976 excommunicabimus

145 3023 182 3082 et
196 3024 318 3084 terram
335 3017 441 3103 ipsius
456 3017 622 3084 Austriam
639 3016 868 3084 ecclesiastico
895 3034 1116 3102 supponemus
1141 3015 1274 3084 interdi-

144 3133 210 3210 cto,
229 3126 258 3193 si
274 3126 380 3206 idem,
396 3127 486 3211 quod
502 3126 607 3211 absit,
625 3124 764 3194 iormam
792 3126 967 3194 concordie
997 3131 1080 3192 inter
1105 3126 1212 3210 ipsum
1239 3134 1274 3194 et

144 3233 311 3302 domiuum
328 3234 452 3320 Regem
470 3235 639 3318 Hungarie
657 3235 855 3318 ordinatam,
871 3235 965 3302 iuxta
990 3235 1078 3318 quod
1094 3233 1127 3300 in
1153 3235 1274 3302 iustru-

143 3343 266 3410 mentis
281 3343 427 3429 ipsorum
453 3343 575 3410 exindo
601 3341 764 3409 conlectis
790 3341 995 3424 continetur,
1028 3344 1211 3410 excesserit
1235 3349 1268 3409 et

142 3450 394 3536 attemptauerit
409 3449 545 3520 uiolare.
577 3449 617 3516 ln
633 3450 725 3518 ouius
741 3451 788 3518 rei
803 3449 1025 3518 testimonium
1041 3455 1216 3536 presentes
1234 3449 1270 3516 li-

140 3567 234 3628 teras
250 3564 361 3626 nostro
382 3557 493 3644 sigillo
518 3555 655 3628 lecimus
671 3557 861 3626 communiri.
878 3557 999 3626 Datum
1016 3556 1154 3628 Patauio
1171 3573 1258 3626 suno

140 3663 279 3735 Domini
294 3665 467 3740 millesimo
483 3663 636 3754 cccxl,
653 3665 731 3734 vn.
741 3664 820 3734 ldus
835 3663 970 3752 Aprilis.

336 3840 550 3914 (Ugyauonuan
567 3839 675 3901 XXIY.
688 3841 747 3900 ket
759 3839 818 3898 t-lk
831 3857 855 3898 r.
867 3840 928 3899 iit.
941 3839 959 3898 l.
978 3839 1079 3910 cnoel.)
