3250 5268
570 361 727 480 *tc-3—

82 563 249 651 pertinent
262 561 409 651 faciatis,
424 565 591 652 recepturi
606 566 649 636 ab
666 584 706 636 eo
722 583 781 652 pro
806 563 901 634 nobis
927 568 961 633 et
975 563 1128 634 Ecclesia
1144 567 1206 636 lio-

6 723 7 744 ,
83 691 183 741 mana
197 668 371 743 fidelitatis
387 673 486 744 solite
502 674 716 744 iuramentum
736 675 827 744 iuxta
852 673 999 759 sormam,
1026 693 1124 762 quam
1148 693 1206 744 uo-

6 789 7 818 l
84 779 134 849 bis
150 781 215 851 snb
231 781 324 850 bolla
349 789 462 852 nostra
486 783 644 854 mittimus
668 783 891 852 interclusam.
917 775 1071 851 Formam
1098 788 1207 850 anum

6 881 7 898 ¹
84 889 279 978 iuramenti,
306 889 394 976 qnod
410 892 484 978 ipse
499 892 673 980 prestabit,
689 893 785 962 nobis
811 889 853 958 tle
876 890 977 961 verbo
1004 891 1048 960 ad
1072 892 1209 960 verbum

83 1017 143 1084 per
158 997 234 1068 eins
249 1005 404 1088 patentes
419 999 547 1070 litterae
563 1021 623 1072 eno
648 999 757 1086 sigillo
784 1000 936 1090 signatae
960 1019 1019 1088 per
1042 1003 1208 1088 proprium

83 1106 233 1176 nuntium
249 1111 443 1193 quantocius
459 1109 637 1179 destinetis.
654 1109 809 1194 Alioquin
826 1109 942 1178 eadem
958 1109 1121 1179 electione
1147 1109 1209 1176 rite

6 1201 7 1220 ²
86 1221 231 1304 caesata
264 1217 444 1288 inhibeatis
469 1219 663 1288 anctoritate
689 1225 803 1288 nostro
829 1218 983 1305 capitulo
1008 1217 1208 1305 supradicto,

6 1369 7 1376 κ
84 1342 127 1392 ne
142 1323 189 1392 ad
204 1325 396 1396 electionem
412 1325 466 1396 vel
482 1328 738 1414 postulationem
754 1325 898 1412 aliquam
924 1325 966 1398 tie
990 1327 1161 1414 Preposito
1177 1329 1210 1395 in

89 1431 243 1503 Elealesia
258 1436 334 1522 ipsa
348 1436 541 1524 procedant,
556 1437 651 1506 cuins
666 1437 889 1524 provisionem
905 1435 1002 1504 nobis
1021 1436 1212 1523 specialiter

6 1539 7 1584 ἒ
88 1550 322 1631 reservantes,
338 1545 526 1616 decernatis
541 1549 739 1616 anctorltete
753 1546 903 1633 predicta
917 1544 1045 1614 irritum
1061 1546 1211 1631 etinane,

89 1649 118 1716 si
133 1669 234 1720 seona
250 1659 368 1723 eonua
381 1655 639 1726 reservationem
654 1654 842 1724 huiusmodi
857 1653 955 1722 inerit
969 1659 1212 1742 attemptatum

88 1758 249 1844 qnicquiel
270 1782 370 1851 snper
393 1764 459 1836 lriis
484 1766 638 1852 egeritis,
666 1765 787 1835 vestris
810 1765 928 1834 litteris
953 1763 1066 1833 harum
1094 1766 1213 1834 seriem

90 1869 353 1962 continentibus,
378 1875 504 1960 absque
528 1895 619 1944 more
644 1873 839 1962 dispendio,
865 1873 960 1942 nobis
979 1871 1122 1942 fideliter
1138 1874 1212 1940 inti-

6 2021 7 2060 ,
90 1981 229 2046 nante.
240 1979 361 2050 Datum
371 1981 506 2054 vtterbii
515 1981 592 2052 1111.
612 1984 725 2054 Nonas
744 1982 836 2053 Julii.
856 1978 1213 2070 (Pontificatnsnostri)

92 2085 186 2154 enno
203 2088 361 2160 seeundo.

171 2303 236 2379 (tv.
246 2304 389 2367 Kelemen
401 2305 478 2384 papa
489 2307 695 2383 liegeettibol,
709 2306 972 2370 Theinerid.m.1.
987 2307 1019 2366 k.
1031 2307 1093 2366 287.
1107 2307 1140 2381 l.)

532 2600 778 2618 m

98 3321 119 3387 Ι
121 3319 157 3388 V.
176 3311 325 3386 Kaisariou
333 3325 425 3414 popo
440 3322 583 3390 Demeter·
597 3333 738 3412 matera,
765 3345 803 3392 aa
828 3326 1012 3414 eaatmparci
1037 3324 1152 3412 eppheta
1160 3321 1219 3412 fi·

259 3433 446 3519 eepeeetjet,
460 3433 562 3520 pipeti
576 3432 763 3520 tcpzoooele
777 3436 884 3502 caveai
896 3432 942 3500 let.
964 3433 1061 3500 1266,

206 3627 361 3701 Glemona
377 3629 564 3718 Episcopus
580 3635 643 3699 eto.
663 3631 785 3700 dilecto
800 3629 868 3700 filio
884 3633 1040 3719 magistro
1049 3629 1220 3698 Demetrio

98 3733 342 3808 Archidiacono
363 3741 398 3806 in
422 3739 577 3809 Ecclesia
600 3739 837 3826 strigoniensi,
865 3740 1073 3810 subdiacono
1097 3749 1219 3826 nostro,

98 3845 244 3914 salutem
260 3853 322 3916 etc.
341 3847 478 3916 (iratum
494 3849 673 3918 sentientes
690 3847 732 3919 de
752 3849 843 3918 fama
867 3857 922 3918 tne
947 3849 1121 3936 probitatis
1145 3849 1223 3916 otlo-

97 3973 178 4041 rem,
197 3955 244 4024 acl
259 3957 308 4024 tui
322 3957 458 4028 honoris
483 3964 695 4044 augmentum
711 3979 751 4028 eo
767 3955 895 4046 plenine
911 3965 945 4026 et
960 3955 1126 4028 efficacius
1142 3957 1223 4026 invi·

98 4071 219 4151 mmor,
235 4083 300 4149 quo
315 4067 408 4134 elara
423 4067 596 4137 devotione
620 4068 797 4155 refulgens,
823 4065 937 4136 hornm
961 4067 1223 4136 consideraiionc

97 4174 300 4260 promereris
316 4173 424 4243 attolli
439 4177 580 4245 nominis
595 4175 690 4244 titulo
712 4177 881 4264 dignioris.
907 4179 1011 4246 Tuam
1026 4177 1139 4260 itaque
1155 4193 1224 4262 per·
1321 4181 1323 4184 ⁴

98 4293 217 4350 sonam
232 4289 374 4370 paterno
390 4293 628 4376 prosequentes
645 4285 780 4372 affectu,
797 4304 936 4371 eamque
951 4283 1161 4355 intendentes
1177 4284 1224 4352 ia-

98 4393 191 4461 voris
205 4393 391 4482 Apostollci
417 4397 527 4480 gratia
552 4397 734 4486 prevenire,
760 4399 794 4463 te
822 4395 1075 4486 Capelianorum
1098 4401 1226 4464 nostro·

99 4517 172 4570 rum
187 4502 353 4572 consortio
370 4505 523 4574 ‹luximns
540 4505 798 4592 aggregandum,
825 4511 861 4573 ut
884 4509 977 4574 tanto
1002 4501 1158 4572 libentius
1185 4503 1227 4572 de

101 4617 212 4680 cetero
237 4613 342 4684 cultui
366 4614 521 4686 virtutum
542 4613 706 4700 intendas,
724 4617 845 4698 quanto
862 4611 1028 4682 exhibitus
1044 4609 1107 4683 tibi
1122 4611 1226 4682 honor

102 4723 239 4809 potioris
255 4724 316 4793 tibi
336 4741 419 4794 onus
435 4723 636 4794 maturitatis
654 4721 779 4808 indicit,
793 4729 981 4810 quantoque
998 4731 1031 4792 te
1048 4723 1143 4793 decet
1169 4741 1227 4790 no·

994 4832 1068 4901 10*
