3248 5274
841 290 996 391 „Q

360 497 404 572 to,
422 489 509 574 quod
525 495 614 570 terra
631 487 717 553 illins
727 537 736 573 ,
754 487 809 572 qui
825 483 993 553 violaverit
1012 505 1128 573 pacem
1145 491 1258 573 ipsam,
1275 507 1333 569 per
1348 490 1479 557 eosdem

361 596 540 666 ordinarios
555 596 725 664 interdicto
742 595 966 664 ecclesiastico
986 602 1196 683 supponatur,
1212 599 1364 680 qnodque
1377 600 1479 667 Baro-

360 725 419 774 nes
435 707 531 790 illius,
548 708 603 790 qni
618 725 731 793 pacem
746 707 848 791 ipsam
865 703 1048 788 violaverit,
1062 705 1105 771 ab
1122 705 1223 790 ipsius
1239 705 1362 774 anxilio
1378 713 1411 774 et
1426 709 1481 774 de-

360 817 508 885 fensione
524 817 706 898 discedant,
724 823 757 882 et
773 817 963 884 assistentes
982 814 1098 898 eidem,
1121 815 1177 898 qni
1202 834 1318 900 pacem
1343 819 1484 883 seruerit

362 926 551 1012 predictam,
567 929 670 1011 ipsnm
688 929 802 991 contra
817 924 909 1008 pacis
930 923 1125 992 violatorem
1141 924 1298 992 adiuvent
1314 930 1347 992 et
1364 924 1483 992 delen·

361 1035 451 1118 dant,
466 1033 646 1117 potioribus
662 1031 885 1099 nichilominus
902 1050 943 1098 ex
960 1032 1038 1116 ipsis
1055 1031 1235 1098 Batonibus
1252 1051 1288 1098 se
1305 1032 1349 1099 ad
1365 1033 1428 1100 boc
1439 1035 1482 1102 de

362 1144 505 1228 ipsorum
521 1142 644 1227 Regum
664 1138 817 1208 mandato
842 1139 1099 1222 astringentibus
1124 1159 1183 1224 per
1207 1141 1374 1225 proprium
1399 1143 1481 1209 inre·

363 1257 523 1337 mentum;
541 1257 616 1320 anto
633 1253 729 1318 etiam
745 1250 779 1316 in
794 1249 910 1316 eadem
927 1268 1018 1336 pace,
1035 1255 1070 1316 nt
1086 1268 1158 1316 eam
1174 1255 1308 1334 uterque
1324 1249 1484 1336 predicto-

364 1380 431 1428 rum
442 1358 565 1444 Regnm
575 1365 728 1446 procuret
738 1377 797 1442 per
813 1357 930 1425 sedem
946 1357 1170 1444 Apostolicam
1185 1357 1376 1442 confirmari,
1388 1366 1486 1444 prout

363 1473 397 1536 in
422 1467 579 1554 predictis
604 1469 719 1536 litteris
744 1467 872 1551 plenius
896 1464 1076 1534 dinoscitur
1101 1468 1274 1534 contineri.
1300 1470 1369 1536 Nos
1384 1470 1485 1552 igitur

365 1577 593 1662 attendentes,
621 1574 709 1660 quod
735 1573 868 1641 nonnisi
887 1575 925 1640 r'n
950 1593 1033 1661 pace
1049 1575 1165 1642 colitur
1179 1575 1274 1662 pacis
1289 1583 1411 1658 auctor,
1428 1595 1485 1643 ec-

364 1685 510 1754 rnmdem
526 1685 648 1770 Regum
664 1683 818 1770 precibus
834 1682 994 1766 inclinati,
1012 1702 1127 1769 pacem
1144 1683 1259 1768 ipsam,
1281 1689 1377 1770 prout
1393 1685 1481 1750 saln-

353 1793 415 1864 -bri
424 1791 562 1861 consilio
571 1799 606 1861 et
620 1792 858 1859 deliberatione
867 1789 1005 1875 provida
1019 1791 1102 1858 inita
1119 1800 1179 1876 est,
1192 1793 1390 1859 auctoritate
1400 1795 1485 1878 Apo·

367 1901 484 1969 stolice
499 1900 648 1970 duximus
665 1899 926 1969 confirmandam.
954 1899 1114 1980 Quocirca
1128 1898 1171 1966 de
1195 1901 1363 1983 utriusque
1389 1902 1486 1986 Regis

366 2029 505 2078 assensu
522 2009 719 2076 fraternitati
736 2015 844 2076 vestre
860 2026 919 2090 per
934 2009 1127 2094 Apostoliea
1143 2009 1266 2095 scripta
1281 2010 1485 2093 mandamns,

371 2127 534 2203 quatenus
551 2139 621 2206 vos,
637 2119 692 2186 rel
707 2119 792 2185 alter
807 2124 951 2184 vestrum
968 2137 1102 2203 perros
1119 2119 1171 2184 vel
1196 2117 1280 2184 alios
1305 2137 1364 2185 sen
1388 2119 1488 2186 alium

366 2247 480 2314 pacem
505 2229 610 2314 ipsam
637 2249 695 2314 per
710 2245 815 2313 penas
842 2235 875 2294 et
892 2246 941 2310 ea,
958 2246 1020 2310 que
1037 2227 1070 2292 in
1086 2225 1191 2312 ipsius
1206 2232 1349 2293 tractatu
1365 2248 1424 2312 pro
1449 2223 1486 2290 il·

367 2337 431 2404 lius
447 2337 676 2405 observatione
691 2341 868 2403 noscuntur
882 2354 1052 2420 expressa,
1069 2334 1201 2403 iacietis
1218 2335 1413 2403 auctoritate
1430 2357 1486 2404 nc·

368 2451 438 2514 stra
455 2443 688 2513 inviolabiliter
704 2443 889 2529 observari3
908 2445 1163 2512 contradictores
1180 2463 1239 2528 per
1255 2461 1427 2511 censuram
1439 2465 1490 2513 ec·

369 2552 592 2622 clesiastioam
603 2553 827 2638 appellatione
843 2552 1026 2637 postposita
1043 2551 1291 2637 compescendo,
1309 2559 1342 2616 et
1368 2573 1491 2636 omnes,

369 2681 456 2748 quos
468 2679 526 2747 pro
543 2659 690 2728 eiusdem
707 2661 802 2746 pacis
816 2659 992 2728 violatione
1007 2660 1126 2743 laqueo
1145 2659 1491 2726 excommunicationis
1546 2709 1548 2713 a

367 2770 490 2841 involvi
507 2768 692 2855 contigerit,
710 2769 931 2851 cuiuscunque
959 2768 1142 2852 dignitatis,
1159 2767 1281 2833 ordinis
1304 2769 1357 2834 vel
1374 2771 1490 2856 premi·

372 2879 485 2949 nentie
509 2878 637 2958 inerint,
664 2879 803 2964 singnlis
828 2877 945 2944 diebus
961 2877 1129 2943 dominicis
1146 2887 1179 2942 et
1194 2875 1332 2957 festivis,
1350 2879 1489 2962 pulsatis

371 2992 543 3076 campanis
559 2993 592 3056 et
607 2987 756 3055 candelis
773 2987 921 3055 accensis
937 2988 970 3054 in
987 2986 1135 3055 omnibus
1153 2986 1246 3068 locis,
1264 2986 1382 3069 quibus
1394 3007 1490 3072 expe·

371 3097 441 3166 dire
465 3098 637 3178 ridebitis,
664 3098 960 3165 excommunicatos
985 3095 1208 3184 sollempniter
1233 3097 1427 3183 nuntiando,
1453 3119 1491 3164 ac

370 3203 527 3274 iaciendo
542 3224 602 3292 per
618 3207 830 3274 ecelesiarum
848 3217 881 3272 et
897 3209 1165 3275 monasteriorum
1181 3206 1332 3272 Prclatos
1350 3212 1384 3272 et
1400 3207 1490 3273 cleri·

372 3330 429 3382 ces
444 3333 483 3380 ac
500 3314 584 3381 alios
599 3314 751 3380 nuntiari.
769 3316 888 3382 Datum
904 3313 1059 3382 Laterani
1075 3313 1133 3382 111.
1151 3317 1263 3382 Nonas
1286 3313 1373 3394 llaii,
1389 3312 1488 3401 (Pon-

372 3421 513 3488 tificatus
529 3419 646 3506 nostri)
663 3441 750 3489 anno
766 3423 879 3510 primo.

478 3529 515 3596 In
541 3550 569 3595 e.
596 3552 637 3596 m.
656 3531 813 3615 seriptum
832 3535 881 3596 est
897 3577 904 3594 .
922 3577 930 3594 .
949 3577 955 3592 .
972 3528 1132 3612 Pragensi
1148 3538 1180 3596 et
1197 3579 1203 3595 .
1222 3577 1230 3595 .
1249 3579 1256 3595 .
1275 3529 1489 3598 Olomneensi

374 3636 562 3724 Episcopis.

475 3827 524 3892 (Χ.
539 3829 667 3904 Gergely
679 3829 756 3903 ptpa
768 3827 958 3903 Regestdibtl
971 3827 1097 3886 Theiner
1110 3828 1147 3885 id.
1161 3847 1197 3884 m.
1209 3825 1232 3886 1.
1246 3829 1275 3888 k.
1289 3830 1349 3885 304.
1364 3827 1396 3901 l.)
