3250 5268
871 363 1030 466 Q

362 582 365 588 ·
387 559 455 630 litia
472 565 506 626 et
520 559 654 645 injustis
667 557 872 628 'serenissimi
890 557 1014 628 domini
1029 566 1064 627 et
1080 560 1186 647 patria
1215 559 1315 629 vestri
1341 577 1383 628 ao
1409 557 1532 626 ononi

387 666 535 734 dolorum
560 665 858 752 persecutionibus,
883 666 1042 736 indueere
1068 666 1211 751 monitis,
1236 665 1530 754 persuasionibus

388 781 488 858 atque
506 775 650 846 oonsiiiis
666 773 818 844 maritum
834 781 978 842 vestrum
995 775 1179 860 dignemini
1193 776 1240 844 ed
1254 776 1529 844 odoenrrendum

386 883 513 952 inserti
529 883 663 952 brachio
679 889 712 952 et
736 889 866 952 armato
891 889 1004 952 eontra
1028 886 1246 952 temeritatem
1263 883 1332 969 titii,
1350 890 1527 968 paternae

387 990 515 1074 gloriae
530 992 658 1058 titulum
675 989 885 1076 infirmantis,
902 993 1046 1058 maxime
1062 1010 1133 1060 oum
1150 991 1292 1060 dileetus
1309 992 1466 1060 dominus
1487 995 1531 1058 et

387 1100 524 1169 maritus
542 1107 654 1168 noster
670 1101 861 1168 carissimus
877 1119 943 1168 noo
959 1099 1126 1187 paroendo
1143 1099 1312 1188 personis,
1341 1101 1528 1168 uteribus

385 1213 443 1278 ant
466 1209 641 1295 expensis,
666 1207 700 1277 id
723 1209 831 1292 ipsum
856 1207 1012 1279 iaciendo
1036 1227 1149 1279 omnes
1165 1211 1254 1280 vires
1270 1228 1351 1278 snas
1367 1207 1526 1278 fideliter

385 1334 550 1403 exponere
566 1318 610 1384 sit
625 1321 770 1402 paratus.

384 1511 528 1584 (Pelaeky
539 1511 689 1583 Paeanem
711 1499 793 1570 iiber
813 1510 1051 1570 Formelbttoher.
1063 1510 1092 1568 Δ
1104 1511 1174 1570 eseh
1187 1512 1272 1568 tuder
1286 1509 1424 1586 tiraaedg
1437 1509 1524 1570 erte·

508 1598 702 1672 keneseiben,
715 1600 816 1660 ottdik
827 1601 937 1674 iolyem
948 1601 986 1660 ΙΙ.
999 1602 1058 1662 ket.
1071 1597 1169 1674 Prdge
1182 1601 1262 1662 1842.
1275 1601 1337 1660 2⁷9.
1350 1601 1383 1673 l.)

823 1903 1067 1916 mnu-...q-

380 2627 580 2730 Kooepsmda
595 2633 662 2692 orei
681 2627 831 2715 tirotyao
853 2629 886 2692 ee
910 2628 930 2692 1
937 2627 972 2692 V.
997 2625 1080 2692 Belo
1106 2625 1214 2712 kirtly
1237 2624 1393 2712 uaokdjn,
1408 2647 1510 2712 aeqy-

507 2735 664 2822 utyjcinak
680 2735 806 2802 esolddi
820 2733 979 2822 ttpyekbeo
993 2731 1142 2800 udlaeaol.
1162 2735 1261 2800 1267.
1278 2731 1381 2798 torol.

486 2929 687 3014 (inundemus,
714 2931 798 2998 siout
821 2931 956 2998 innatae
981 2929 1092 2998 earnis
1117 2937 1149 2998 et
1173 2929 1345 3014 sanguinis
1370 2927 1510 3012 requirit

377 3036 533 3124 debitum,
548 3047 644 3125 pater
660 3037 838 3109 reverende
854 3045 888 3106 et
904 3037 1034 3106 domine
1050 3037 1242 3106 oariesimet
1259 3037 1302 3104 de
1316 3036 1438 3104 vestris
1449 3035 1506 3118 jo

376 3143 493 3214 enodis
508 3145 717 3216 suceessibus
730 3152 764 3214 et
779 3147 897 3230 salute,
911 3145 1095 3214 referentes
1112 3145 1291 3214 immensas
1307 3151 1421 3228 grates
1439 3141 1507 3212 Ve-

376 3257 466 3320 strae
489 3253 678 3338 Serenitati,
705 3255 792 3338 qnod
817 3259 930 3322 nostra
955 3253 1119 3322 desideria
1135 3254 1195 3322 tali
1211 3254 1371 3322 solamine
1387 3251 1506 3335 digne·

375 3360 455 3428 mini
479 3361 698 3446 frequentare.
723 3363 793 3430 Nos
819 3381 956 3446 qnoque,
984 3363 1061 3445 quia
1084 3383 1144 3448 per
1159 3362 1223 3430 Dei
1237 3362 1378 3448 gratiam
1394 3379 1506 3429 sanae

376 3487 498 3550 sumus,
515 3469 577 3537 hoo
592 3470 698 3555 ipsum
714 3468 810 3538 vobis
825 3471 858 3536 io
878 3470 1038 3555 gandium
1062 3469 1261 3536 nuntiamus.
1288 3468 1505 3536 Gratulamnr

375 3577 474 3644 etiam
490 3577 524 3644 in
539 3576 601 3662 his,
612 3596 698 3661 quas
708 3577 908 3659 gratavobis
924 3583 1009 3661 suut,
1020 3577 1147 3646 eoiiioot
1157 3579 1199 3646 de
1210 3577 1497 3663 impraegnatione

375 3690 509 3752 nostrae
532 3685 655 3754 sororis
679 3685 884 3764 oerissimae,
909 3683 1020 3754 uxoris
1045 3684 1168 3752 domini
1192 3684 1413 3781 Belaexvestri
1428 3683 1501 3770 titii,

373 3789 486 3860 fratris
510 3792 633 3877 nostri,
659 3799 692 3862 et
715 3793 990 3877 quemadmodum
1016 3793 1199 3882 petivistis,
1224 3793 1313 3862 orari
1337 3812 1397 3879 pro
1422 3792 1500 3878 ipsa

373 3899 460 3969 bono
486 3901 596 3969 animo
621 3900 798 3985 faeiemns3
823 3901 1052 3988 supplicantes
1077 3900 1111 3966 iu
1137 3900 1236 3987 idem,
1261 3909 1298 3968 nt
1313 3908 1347 3970 et
1361 3921 1423 3968 vos
1438 3919 1499 3986 pro

372 4007 468 4078 nobis
485 4007 572 4074 orari
597 4007 747 4078 similiter
774 4007 917 4076 seriatis.
943 4006 1037 4087 Quod
1064 4013 1174 4076 autern
1198 4007 1375 4076 nuntiastis
1401 4007 1500 4076 nobie

371 4115 493 4201 inquiri
508 4135 530 4183 e
546 4114 678 4186 domino
696 4122 728 4182 et
743 4116 863 4184 marito
878 4123 992 4185 nostro
1018 4117 1202 4202 oarusimo,
1227 4134 1284 4184 eur
1307 4115 1439 4186 nonum
1464 4121 1500 4182 et

371 4221 558 4306 legationes
583 4223 778 4292 carissimae
804 4223 960 4292 dominae
985 4230 1018 4292 et
1034 4225 1148 4292 metris
1162 4231 1297 4292 nostrae
1312 4243 1379 4292 noo
1395 4223 1497 4292 liben-

371 4342 420 4400 ter
434 4331 592 4418 reeipiat:
611 4331 685 4400 sine
700 4331 849 4414 ejusdem
865 4329 1076 4415 requisitione
1091 4349 1191 4418 super
1215 4333 1278 4400 hoo
1304 4330 1399 4400 robis
1423 4328 1494 4398 bre

370 4438 421 4506 sis
437 4439 480 4508 sit
495 4441 678 4527 responsio,
695 4437 783 4523 quod
798 4439 828 4508 si
843 4439 961 4508 eadem
977 4438 1109 4509 domina
1125 4445 1158 4508 et
1172 4447 1279 4510 mater
1301 4445 1416 4506 nostra
1441 4456 1496 4508 ee·

369 4544 510 4621 rusina,
527 4546 800 4630 quemadmodum
816 4565 876 4616 vos
891 4553 926 4614 et
941 4547 1000 4616 elii
1015 4547 1119 4616 nostri
1135 4546 1285 4618 carnales
1302 4545 1425 4629 taetus,
1438 4543 1495 4614 do-

369 4651 492 4720 minnm
506 4663 652 4722 nostrum
667 4662 701 4724 et
716 4657 867 4726 maritum
882 4656 1098 4741 alloquiorum
1121 4656 1277 4744 gratiosis
1301 4663 1337 4724 et
1360 4654 1492 4724 serora·
