3250 5268
605 475 640 484 .„
654 385 724 488 .1.⁰.5.
754 479 763 486 .

13 624 14 632 ,
116 574 198 654 quod
215 573 384 663 deinceps
400 580 589 665 obtinueris,
609 590 641 648 te
657 584 759 650 lacius
776 592 906 654 statutis
924 593 1122 674 temporibus
1141 595 1184 660 ud
1201 615 1249 661 or-

114 679 205 747 dines
223 690 425 769 pronoveri,
453 693 485 752 et
501 691 717 773 personaliter
734 695 881 761 resideas
897 696 930 762 in
948 697 1085 785 eisdcur,
1103 701 1250 787 alioquin

11 796 12 818 ¹
114 787 311 858 huiusmodi
325 793 433 877 pratia
449 797 558 878 quoad
584 797 775 867 beneficium
791 803 895 887 ipsum
912 807 1033 874 nullius
1061 809 1191 894 ponitus
1207 812 1250 878 sit

114 903 287 963 momenti.
312 901 403 967 Nulli
430 921 506 988 ergo
531 912 592 971 ete.
619 913 730 974 nostre
756 910 1016 995 dispensationis
1041 923 1101 982 ete.
1128 915 1248 986 Datum

8 1074 9 1094 ἶ
114 1006 201 1090 apud
220 1004 503 1078 UrbemVeterem
513 1011 554 1079 X.
572 1013 647 1080 Ksl.
659 1015 874 1102 Septembris.
886 1017 1114 1104 (Pontificatus
1132 1024 1248 1112 nostri)

114 1133 199 1183 anno
225 1117 345 1184 tercio.

224 1331 294 1406 (lV.
308 1333 405 1395 orben
419 1335 495 1410 pcipe
508 1337 706 1413 Regestdibol,
720 1339 846 1400 Theiner
858 1342 895 1400 id.
909 1358 945 1400 m.
957 1343 978 1400 l.
992 1344 1020 1400 k.
1034 1347 1096 1404 tid.
1108 1347 1142 1419 l.)

118 2415 139 2480 1
144 2416 176 2482 V.
196 2418 308 2485 Orbdn
326 2422 420 2506 pdpo
444 2441 465 2483 o
485 2419 588 2487 baboni
606 2422 733 2509 pltspllk
758 2423 928 2491 odalman
953 2436 1007 2494 teti
1032 2429 1248 2499 inmusulus

536 2529 714 2617 mddocltju.
740 2531 840 2598 1264.

240 2723 395 2793 Urbanus
423 2727 605 2813 Episcopus
632 2735 691 2794 etc.
717 2731 899 2800 venerabili
926 2729 1021 2799 fratri
1135 2733 1248 2802 Archi·

122 2835 283 2919 episcopo
309 2833 524 2916 strigoniensi
551 2837 690 2903 salutem
718 2843 780 2905 eto.
808 2837 893 2905 Olim
920 2839 979 2906 tibi
1006 2846 1038 2906 et
1070 2843 1248 2912 venerabili

122 2939 217 3010 iralri
243 2950 356 3011 nostro
383 2943 485 3010 Paulo
512 2942 747 3028 Vesprimiensi
765 2946 949 3031 Episcopo,
976 2953 1052 3015 tuno
1078 2949 1248 3036 Preposito

123 3049 275 3116 Ecclesie
291 3049 332 3115 de
348 3050 444 3135 Alba,
461 3071 562 3136 super
572 3053 761 3138 provisione
777 3054 955 3121 venerabili
971 3056 1062 3123 tratri
1075 3065 1187 3126 nostro
1200 3109 1207 3126 .
1221 3108 1247 3125 ..

125 3157 291 3243 Episcopo
316 3159 525 3227 Bisinanensi
550 3159 583 3226 in
602 3168 691 3229 certa
708 3162 892 3246 quantitate
917 3163 1057 3248 pecunie
1083 3183 1187 3249 usque
1205 3165 1248 3234 ad

124 3275 249 3334 certum
267 3269 427 3354 temporis
445 3269 586 3356 spatium
613 3269 646 3334 iu
664 3276 723 3336 tua
739 3267 911 3355 provincio
928 3271 1093 3358 facienda,
1117 3278 1248 3342 nostras

125 3377 183 3444 sub
201 3383 295 3443 certa
312 3376 418 3443 lorma
434 3378 561 3446 litteras
588 3376 724 3443 dicimur
739 3377 910 3446 direxisse.
934 3379 1055 3446 Prolati
1071 3399 1199 3464 quoqne
1216 3386 1250 3450 et

125 3486 237 3553 elerici
264 3486 414 3554 eiusdem
441 3487 607 3572 provincie
623 3493 747 3572 partem
774 3487 969 3570 quantitatis
988 3487 1176 3554 huiusmodi
1193 3507 1249 3574 pe·

125 3595 221 3662 cunio
238 3594 461 3681 predictarum
488 3594 669 3661 litterarum
687 3599 863 3661 autoritate
887 3593 970 3680 ipsis
986 3596 1137 3680 inposite
1161 3595 1249 3665 dioto

126 3701 293 3789 Episcopo
311 3704 447 3787 soluere,
464 3708 500 3768 nt
515 3704 711 3788 accepimus,
729 3702 931 3789 inceperunt.
946 3703 1248 3773 Postmodnmvero

124 3833 180 3896 pro
197 3811 340 3896 quodam
357 3814 423 3879 alio
440 3811 603 3899 Episcopo
620 3813 662 3880 de
678 3813 790 3898 Regno
808 3812 931 3897 Sicilie,
949 3831 1048 3897 super
1063 3813 1248 3898 provisione

127 3921 285 3988 videlicet
308 3920 373 3988 sibi
399 3923 441 3988 ab
460 3923 618 3989 Ecclesiis
643 3929 675 3988 et
692 3921 897 3989 lionasleriis
918 3921 1059 4006 Ungarie
1085 3921 1248 4008 iacienda,

126 4038 257 4097 nostras
275 4029 335 4095 sub
353 4039 443 4098 certa
458 4031 564 4098 forma
589 4031 718 4098 litteras
735 4032 780 4099 ad
797 4036 921 4098 certum
946 4037 1153 4099 executorem
1170 4031 1250 4097 dici·

4 4195 6 4198 .
125 4159 200 4205 mur
216 4138 411 4224 destinasse,
429 4137 483 4222 qui
501 4145 652 4224 pretextu
672 4139 854 4206 litterarum
875 4136 1060 4205 huiusmodi
1077 4138 1251 4227 ordinarit,

125 4256 163 4315 ut
180 4247 289 4314 eidem
306 4247 470 4334 Episcopo
489 4249 521 4315 in
539 4257 667 4318 centum
680 4254 712 4313 ot
727 4248 957 4334 quinquaginta
973 4247 1068 4316 libris
1084 4249 1251 4315 intonen·

125 4358 221 4426 sibus
238 4355 410 4424 debereta
434 4359 641 4425 monasteriis
667 4356 754 4426 dicte
773 4355 941 4444 provincie
958 4357 1121 4422 annuatim
1147 4375 1250 4442 usquc

126 4465 173 4532 ad
189 4466 366 4532 triennium
383 4466 559 4548 prouideri.
584 4464 711 4550 Tuque,
733 4467 784 4533 oui
802 4464 906 4532 dietus
922 4472 1075 4533 executor
1091 4465 1251 4533 asseritur

5 4581 6 4600 ¹
128 4575 352 4656 commisisse,
378 4581 414 4640 ot
430 4576 651 4661 provisionem
668 4573 853 4644 huiusmodi
869 4575 957 4644 dioto
976 4575 1141 4662 Episcopo
1157 4573 1251 4642 iuxte

6 4688 7 4702 *
123 4688 364 4764 ordinationem
381 4703 474 4753 suam
489 4683 573 4752 infru
586 4691 709 4753 eertum
725 4685 881 4771 temporis
891 4685 1031 4772 spatium
1047 4682 1245 4770 assignares,
