3230 5268
857 383 1007 492 ..sag

376 587 417 654 de
435 586 589 673 emptieia
606 594 695 654 terra
711 585 923 669 Obnugua
942 589 1067 666 uocata,
1085 601 1183 665 quam
1202 579 1400 665 possidebat,
1418 597 1499 644 enm

375 696 439 762 iam
458 695 558 762 dietis
575 695 726 780 cognatis
743 691 811 760 suis
828 689 1027 772 contulisset,
1039 696 1198 775 perpetuo
1214 686 1452 772 possidendam
1463 689 1500 748 et

377 802 569 882 habendam,
596 804 639 870 ad
666 801 734 870 eius
754 800 956 867 uoluntatem
973 817 1072 883 snper
1088 797 1161 884 ipsa
1176 803 1295 879 quarta
1310 801 1403 881 parte
1419 812 1502 858 exe·

376 909 549 996 quendam,
566 909 636 978 siue
652 909 750 974 dandi
767 918 825 974 aut
840 904 1013 988 uendendi,
1030 906 1083 972 uel
1099 903 1253 972 testandi.
1270 904 1312 970 vt
1327 902 1425 986 igitur
1443 900 1504 965 bu·

376 1020 427 1086 ius
452 1017 501 1086 rei
527 1018 631 1084 series
657 1015 917 1084 inenodabiliter
938 1014 1034 1080 robur
1059 1020 1216 1100 perpetue
1237 1011 1398 1077 firmitatis
1413 1007 1503 1075 obti-

380 1133 469 1210 neat,
494 1133 668 1210 presentes
687 1124 835 1193 dedimus
850 1124 963 1190 literas
979 1122 1078 1204 sigilli
1094 1121 1198 1188 nostri
1214 1118 1388 1186 munimine
1403 1117 1505 1182 robo-

379 1241 482 1300 ratas.
498 1234 636 1301 Nioolao
650 1233 833 1320 Proposito,
849 1233 983 1299 Alberto
1004 1230 1157 1311 cantore,
1183 1228 1317 1294 Andros
1342 1224 1505 1308 Custode,

377 1341 535 1426 magistro
552 1340 718 1406 Oasmario
735 1343 869 1407 Deoano
886 1337 1110 1404 existentibus.
1127 1337 1247 1402 Datum
1265 1354 1350 1401 anno
1367 1333 1505 1398 Domini

381 1448 440 1516 w.
458 1446 522 1516 00.
539 1450 747 1533 sexagesimo
763 1453 890 1514 oetam.

380 1643 521 1716 (Teutsob
536 1642 566 1700 es
580 1644 748 1714 Firubaber,
762 1623 1001 1699 Uriundsnbueh
1013 1657 1064 1696 aur
1077 1637 1251 1696 Geaulriebte
1265 1636 1505 1709 Siebeubttrgens

838 1728 1041 1800 Lmfflm

385 2779 491 2845 Ersdro
515 2776 640 2842 bosnae
655 2773 840 2862 periodeutes
865 2779 941 2840 utdn
968 2773 1058 2838 Mikd
1081 2775 1111 2838 da
1135 2773 1233 2837 Detre
1243 2771 1361 2857 fiuioal
1376 2797 1397 2837 u
1414 2774 1505 2837 adesi

385 2888 542 2973 keptolao
567 2883 638 2948 elb'tt
662 2883 838 2970 eyyesadprs
862 2881 922 2970 lep,
940 2881 1072 2948 azekoeb
1087 2882 1239 2967 superdueo
1255 2886 1289 2945 dt
1306 2881 1442 2967 Ludduy
1458 2883 1503 2945 rd-

387 2999 457 3080 sats,
473 2991 566 3080 mally
582 2990 723 3057 Eudaere
739 2993 769 3056 da
784 2990 953 3055 suevo-tues
968 2990 1176 3078 ppos-malcaim
1192 2989 1518 3078 lodny-uepysdjopul

820 3096 953 3162 szdllotl.
970 3098 1067 3161 1268.

796 3330 1091 3398 ABG

493 3512 679 3598 Capitulum
706 3510 852 3577 ileelesie
876 3509 1059 3577 Waoiensis
1076 3511 1222 3576 omuibus
1238 3507 1356 3593 quibus
1372 3529 1505 3596 presen-

388 3633 439 3690 tes
454 3621 667 3688 ostendentur
683 3618 820 3685 salutem
835 3619 867 3683 in
886 3618 1029 3684 omnium
1045 3619 1226 3687 Saluatore.
1246 3619 1297 3684 Ad
1313 3619 1506 3686 uniuersita-

388 3729 430 3796 tis
454 3737 563 3798 nostre
588 3728 744 3796 notieiam
769 3734 883 3796 tenore
909 3729 1112 3813 presencium
1150 3727 1299 3794 uolumus
1323 3726 1505 3812 peruenire,

389 3837 477 3924 qnod
501 3839 610 3904 Endre
635 3834 720 3903 filius
736 3835 865 3903 Andree
882 3835 921 3902 de
938 3835 1095 3921 Naagrad
1111 3856 1152 3902 ex
1168 3855 1233 3902 una
1249 3842 1352 3920 parte,
1368 3833 1505 3920 Agolob,

388 3946 476 4012 Miko
501 3944 561 4030 filij
588 3945 677 4012 Miko
704 3963 762 4030 pro
779 3963 815 4010 se
832 3951 863 4010 et
879 3963 937 4030 pro
954 3943 1052 4011 fratre
1069 3965 1127 4012 suo
1144 3945 1240 4012 Petro
1257 3943 1381 4010 (inmite
1397 3951 1430 4010 et
1445 3965 1505 4029 pro

388 4051 465 4138 filijs
487 4051 622 4136 Detrioi,
645 4050 799 4120 videlieet
823 4050 922 4136 Miluo,
948 4053 1065 4118 Alexio
1082 4058 1115 4118 et
1130 4052 1271 4135 Detrioo,
1288 4057 1322 4116 ut
1337 4049 1504 4136 dioebunt,

391 4181 433 4226 ex
450 4161 554 4226 altera
570 4179 677 4226 euram
695 4159 788 4226 nobis
799 4160 1017 4244 personaliter
1032 4159 1205 4226 astiterunt
1221 4165 1254 4225 et
1268 4169 1505 4246 proposuerunt

389 4289 454 4335 uno
473 4288 528 4336 ore
545 4277 577 4336 et
592 4267 665 4354 pari
683 4267 808 4334 animo:
828 4267 922 4346 Quod
939 4288 1009 4336 oum
1027 4267 1171 4355 prelatus
1187 4267 1297 4336 lindre
1313 4287 1411 4356 super
1427 4286 1505 4354 qua·

391 4376 467 4443 dam
484 4384 572 4444 terra
597 4395 658 4441 sua
677 4377 807 4444 nomino
824 4377 939 4446 Ladan
956 4376 1155 4445 hereditaria
1170 4377 1334 4444 Detrionm
1352 4384 1384 4444 et
1399 4377 1504 4463 predi-

391 4493 461 4553 etos
476 4486 559 4554 tilios
577 4485 665 4553 lliko
682 4485 837 4553 traxisset
862 4487 894 4553 in
922 4505 1065 4570 oausam,
1082 4493 1116 4552 et
1132 4484 1284 4571 quamdiu
1314 4487 1387 4573 ipsa
1403 4505 1504 4556 oausa

391 4613 499 4660 eoram
534 4595 701 4680 Stephano
736 4595 856 4662 Illustri
881 4597 971 4681 Rege
996 4596 1161 4682 Hungarie
1186 4595 1271 4662 inter
1301 4615 1357 4664 oos
1388 4595 1504 4664 fuisset

392 4701 571 4788 uentilata,
596 4701 727 4770 tandem
753 4701 975 4772 mediantibus
1000 4704 1079 4771 uiris
1103 4703 1216 4789 probis
1240 4705 1375 4771 interae
1394 4705 1502 4772 taliter
