<?xml version="1.0" encoding="UTF-8"?>
<!DOCTYPE html PUBLIC "-//W3C//DTD XHTML 1.0 Transitional//EN"
    "http://www.w3.org/TR/xhtml1/DTD/xhtml1-transitional.dtd">
<html xmlns="http://www.w3.org/1999/xhtml" xml:lang="en" lang="en">
 <head>
  <title>
</title>
<meta http-equiv="Content-Type" content="text/html;charset=utf-8" />
  <meta name='ocr-system' content='tesseract 3.04.00' />
  <meta name='ocr-capabilities' content='ocr_page ocr_carea ocr_par ocr_line ocrx_word'/>
</head>
<body>
  <div class='ocr_page' id='page_1' title='image "./codexdiplomatic07wenzgoog_0087.png"; bbox 0 0 3270 5280; ppageno 0'>
   <div class='ocr_carea' id='block_1_1' title="bbox 597 354 758 454">
    <p class='ocr_par' dir='ltr' id='par_1_1' title="bbox 597 354 758 454">
     <span class='ocr_line' id='line_1_1' title="bbox 597 354 758 454; baseline 0 -34"><span class='ocrx_word' id='word_1_1' title='bbox 597 354 758 454; x_wconf 42' lang='lat' dir='ltr'><strong>*cr-</strong></span> 
     </span>
    </p>
   </div>
   <div class='ocr_carea' id='block_1_2' title="bbox 110 549 1241 742">
    <p class='ocr_par' dir='ltr' id='par_1_2' title="bbox 110 549 1241 742">
     <span class='ocr_line' id='line_1_2' title="bbox 110 549 1241 637; baseline 0.002 -21"><span class='ocrx_word' id='word_1_2' title='bbox 110 551 232 618; x_wconf 87' lang='lat' dir='ltr'><strong>cicnsis</strong></span> <span class='ocrx_word' id='word_1_3' title='bbox 250 557 285 616; x_wconf 90' lang='lat' dir='ltr'><strong>et</strong></span> <span class='ocrx_word' id='word_1_4' title='bbox 301 549 418 618; x_wconf 86' lang='lat' dir='ltr'><strong>Sancti</strong></span> <span class='ocrx_word' id='word_1_5' title='bbox 428 549 585 617; x_wconf 88' lang='lat' dir='ltr'><strong>Damiani</strong></span> <span class='ocrx_word' id='word_1_6' title='bbox 596 549 755 618; x_wconf 89' lang='lat' dir='ltr'><strong>Ordinum</strong></span> <span class='ocrx_word' id='word_1_7' title='bbox 774 550 948 616; x_wconf 74' lang='lat' dir='ltr'><strong>dumtaxat</strong></span> <span class='ocrx_word' id='word_1_8' title='bbox 964 552 1121 637; x_wconf 83' lang='lat' dir='ltr'><strong>exceptis,</strong></span> <span class='ocrx_word' id='word_1_9' title='bbox 1138 569 1241 634; x_wconf 91' lang='lat' dir='ltr'><strong>usque</strong></span> 
     </span>
     <span class='ocr_line' id='line_1_3' title="bbox 110 656 1241 742; baseline -0.004 -14"><span class='ocrx_word' id='word_1_10' title='bbox 110 659 155 728; x_wconf 90' lang='lat' dir='ltr'><strong>ad</strong></span> <span class='ocrx_word' id='word_1_11' title='bbox 171 659 350 728; x_wconf 88' lang='lat' dir='ltr'><strong>triennium</strong></span> <span class='ocrx_word' id='word_1_12' title='bbox 376 678 434 742; x_wconf 90' lang='lat' dir='ltr'><strong>per</strong></span> <span class='ocrx_word' id='word_1_13' title='bbox 459 678 496 726; x_wconf 88' lang='lat' dir='ltr'><strong>se</strong></span> <span class='ocrx_word' id='word_1_14' title='bbox 521 658 576 726; x_wconf 85' lang='lat' dir='ltr'><strong>vel</strong></span> <span class='ocrx_word' id='word_1_15' title='bbox 600 658 701 724; x_wconf 91' lang='lat' dir='ltr'><strong>aliurn</strong></span> <span class='ocrx_word' id='word_1_16' title='bbox 726 656 851 724; x_wconf 84' lang='lat' dir='ltr'><strong>iaceret</strong></span> <span class='ocrx_word' id='word_1_17' title='bbox 876 659 1062 740; x_wconf 78' lang='lat' dir='ltr'><strong>assignari,</strong></span> <span class='ocrx_word' id='word_1_18' title='bbox 1089 677 1129 724; x_wconf 88' lang='lat' dir='ltr'><strong>ac</strong></span> <span class='ocrx_word' id='word_1_19' title='bbox 1155 661 1241 726; x_wconf 86' lang='lat' dir='ltr'><strong>idem</strong></span> 
     </span>
    </p>
   </div>
   <div class='ocr_carea' id='block_1_3' title="bbox 2 749 1241 852">
    <p class='ocr_par' dir='ltr' id='par_1_3' title="bbox 2 749 1241 852">
     <span class='ocr_line' id='line_1_4' title="bbox 2 749 1241 852; baseline -0.002 -16"><span class='ocrx_word' id='word_1_20' title='bbox 2 749 3 802; x_wconf 81' lang='lat'>3</span> <span class='ocrx_word' id='word_1_21' title='bbox 110 767 306 836; x_wconf 81' lang='lat' dir='ltr'><strong>Cardinalis</strong></span> <span class='ocrx_word' id='word_1_22' title='bbox 323 767 358 832; x_wconf 92' lang='lat' dir='ltr'><strong>in</strong></span> <span class='ocrx_word' id='word_1_23' title='bbox 375 774 432 832; x_wconf 88' lang='lat' dir='ltr'><strong>tua</strong></span> <span class='ocrx_word' id='word_1_24' title='bbox 447 765 617 852; x_wconf 87' lang='lat' dir='ltr'><strong>provincia</strong></span> <span class='ocrx_word' id='word_1_25' title='bbox 633 765 665 830; x_wconf 95' lang='lat' dir='ltr'><strong>in</strong></span> <span class='ocrx_word' id='word_1_26' title='bbox 683 773 814 832; x_wconf 88' lang='lat' dir='ltr'><strong>centum</strong></span> <span class='ocrx_word' id='word_1_27' title='bbox 831 771 865 830; x_wconf 88' lang='lat' dir='ltr'><strong>ct</strong></span> <span class='ocrx_word' id='word_1_28' title='bbox 881 766 1120 852; x_wconf 77' lang='lat' dir='ltr'>quinquaginta</span> <span class='ocrx_word' id='word_1_29' title='bbox 1147 766 1241 834; x_wconf 67' lang='lat' dir='ltr'><strong>libris</strong></span> 
     </span>
    </p>
   </div>
   <div class='ocr_carea' id='block_1_4' title="bbox 109 873 1242 962">
    <p class='ocr_par' dir='ltr' id='par_1_4' title="bbox 109 873 1242 962">
     <span class='ocr_line' id='line_1_5' title="bbox 109 873 1242 962; baseline 0 -20"><span class='ocrx_word' id='word_1_30' title='bbox 109 876 361 943; x_wconf 82' lang='lat' dir='ltr'><strong>Turonensibus</strong></span> <span class='ocrx_word' id='word_1_31' title='bbox 379 873 419 940; x_wconf 90' lang='lat' dir='ltr'><strong>de</strong></span> <span class='ocrx_word' id='word_1_32' title='bbox 436 873 577 960; x_wconf 89' lang='lat' dir='ltr'><strong>speciali</strong></span> <span class='ocrx_word' id='word_1_33' title='bbox 594 873 752 940; x_wconf 88' lang='lat' dir='ltr'><strong>mandato</strong></span> <span class='ocrx_word' id='word_1_34' title='bbox 768 880 892 962; x_wconf 85' lang='lat' dir='ltr'><strong>nostro,</strong></span> <span class='ocrx_word' id='word_1_35' title='bbox 910 875 984 940; x_wconf 86' lang='lat' dir='ltr'><strong>vive</strong></span> <span class='ocrx_word' id='word_1_36' title='bbox 1000 875 1090 943; x_wconf 84' lang='lat' dir='ltr'><strong>vocis</strong></span> <span class='ocrx_word' id='word_1_37' title='bbox 1107 875 1242 942; x_wconf 90' lang='lat' dir='ltr'><strong>oraculo</strong></span> 
     </span>
    </p>
   </div>
   <div class='ocr_carea' id='block_1_5' title="bbox 2 975 1243 1070">
    <p class='ocr_par' dir='ltr' id='par_1_5' title="bbox 2 975 1243 1070">
     <span class='ocr_line' id='line_1_6' title="bbox 2 975 1243 1070; baseline -0.001 -19"><span class='ocrx_word' id='word_1_38' title='bbox 2 975 3 978; x_wconf 44' lang='lat'>&#39;</span> <span class='ocrx_word' id='word_1_39' title='bbox 110 985 177 1052; x_wconf 90' lang='lat' dir='ltr'><strong>sibi</strong></span> <span class='ocrx_word' id='word_1_40' title='bbox 194 984 297 1068; x_wconf 84' lang='lat' dir='ltr'><strong>iacto,</strong></span> <span class='ocrx_word' id='word_1_41' title='bbox 323 982 366 1048; x_wconf 91' lang='lat' dir='ltr'><strong>ab</strong></span> <span class='ocrx_word' id='word_1_42' title='bbox 384 979 544 1049; x_wconf 85' lang='lat' dir='ltr'><strong>Ecclesiis</strong></span> <span class='ocrx_word' id='word_1_43' title='bbox 568 1001 608 1047; x_wconf 90' lang='lat' dir='ltr'><strong>ao</strong></span> <span class='ocrx_word' id='word_1_44' title='bbox 634 982 844 1050; x_wconf 87' lang='lat' dir='ltr'><strong>monasteriis</strong></span> <span class='ocrx_word' id='word_1_45' title='bbox 870 984 902 1048; x_wconf 93' lang='lat' dir='ltr'><strong>in</strong></span> <span class='ocrx_word' id='word_1_46' title='bbox 929 981 1044 1049; x_wconf 89' lang='lat' dir='ltr'><strong>eadem</strong></span> <span class='ocrx_word' id='word_1_47' title='bbox 1070 983 1243 1070; x_wconf 81' lang='lat' dir='ltr'><strong>prouincia</strong></span> 
     </span>
    </p>
   </div>
   <div class='ocr_carea' id='block_1_6' title="bbox 112 1088 1243 1174">
    <p class='ocr_par' dir='ltr' id='par_1_6' title="bbox 112 1088 1243 1174">
     <span class='ocr_line' id='line_1_7' title="bbox 112 1088 1243 1174; baseline -0.003 -11"><span class='ocrx_word' id='word_1_48' title='bbox 112 1095 307 1164; x_wconf 88' lang='lat' dir='ltr'><strong>constitutis</strong></span> <span class='ocrx_word' id='word_1_49' title='bbox 332 1111 435 1174; x_wconf 86' lang='lat' dir='ltr'><strong>nsque</strong></span> <span class='ocrx_word' id='word_1_50' title='bbox 462 1091 506 1158; x_wconf 87' lang='lat' dir='ltr'><strong>ad</strong></span> <span class='ocrx_word' id='word_1_51' title='bbox 531 1090 709 1157; x_wconf 81' lang='lat' dir='ltr'><strong>triennium</strong></span> <span class='ocrx_word' id='word_1_52' title='bbox 741 1088 838 1156; x_wconf 88' lang='lat' dir='ltr'><strong>annis</strong></span> <span class='ocrx_word' id='word_1_53' title='bbox 870 1089 1008 1172; x_wconf 75' lang='lat' dir='ltr'><strong>singulis</strong></span> <span class='ocrx_word' id='word_1_54' title='bbox 1039 1091 1243 1160; x_wconf 77' lang='lat' dir='ltr'><strong>ordinaverit</strong></span> 
     </span>
    </p>
   </div>
   <div class='ocr_carea' id='block_1_7' title="bbox 112 1197 1366 1288">
    <p class='ocr_par' dir='ltr' id='par_1_7' title="bbox 112 1197 1366 1288">
     <span class='ocr_line' id='line_1_8' title="bbox 112 1197 1366 1288; baseline -0.002 -19"><span class='ocrx_word' id='word_1_55' title='bbox 112 1204 204 1270; x_wconf 89' lang='lat' dir='ltr'><strong>dicto</strong></span> <span class='ocrx_word' id='word_1_56' title='bbox 221 1203 386 1288; x_wconf 78' lang='lat' dir='ltr'><strong>Episcopo</strong></span> <span class='ocrx_word' id='word_1_57' title='bbox 402 1198 582 1286; x_wconf 87' lang='lat' dir='ltr'><strong>provideri,</strong></span> <span class='ocrx_word' id='word_1_58' title='bbox 610 1197 808 1266; x_wconf 85' lang='lat' dir='ltr'><strong>descernens</strong></span> <span class='ocrx_word' id='word_1_59' title='bbox 830 1197 938 1265; x_wconf 87' lang='lat' dir='ltr'><strong>dictas</strong></span> <span class='ocrx_word' id='word_1_60' title='bbox 955 1205 1083 1265; x_wconf 89' lang='lat' dir='ltr'><strong>centum</strong></span> <span class='ocrx_word' id='word_1_61' title='bbox 1101 1204 1135 1267; x_wconf 91' lang='lat' dir='ltr'><strong>et</strong></span> <span class='ocrx_word' id='word_1_62' title='bbox 1151 1199 1243 1285; x_wconf 90' lang='lat' dir='ltr'><strong>quin·</strong></span> <span class='ocrx_word' id='word_1_63' title='bbox 1361 1203 1366 1216; x_wconf 93' lang='lat'>&#39;</span> 
     </span>
    </p>
   </div>
   <div class='ocr_carea' id='block_1_8' title="bbox 110 1307 1244 1502">
    <p class='ocr_par' dir='ltr' id='par_1_8' title="bbox 110 1307 1244 1502">
     <span class='ocr_line' id='line_1_9' title="bbox 111 1307 1244 1396; baseline -0.002 -17"><span class='ocrx_word' id='word_1_64' title='bbox 111 1313 276 1396; x_wconf 73' lang='lat' dir='ltr'><strong>quaginta</strong></span> <span class='ocrx_word' id='word_1_65' title='bbox 291 1311 397 1376; x_wconf 87' lang='lat' dir='ltr'><strong>libras</strong></span> <span class='ocrx_word' id='word_1_66' title='bbox 421 1329 482 1396; x_wconf 89' lang='lat' dir='ltr'><strong>per</strong></span> <span class='ocrx_word' id='word_1_67' title='bbox 506 1316 540 1376; x_wconf 87' lang='lat' dir='ltr'><strong>te</strong></span> <span class='ocrx_word' id='word_1_68' title='bbox 563 1311 657 1376; x_wconf 84' lang='lat' dir='ltr'><strong>iuxta</strong></span> <span class='ocrx_word' id='word_1_69' title='bbox 684 1307 890 1392; x_wconf 80' lang='lat' dir='ltr'><strong>singulorum</strong></span> <span class='ocrx_word' id='word_1_70' title='bbox 907 1307 1051 1375; x_wconf 72' lang='lat' dir='ltr'><strong>locorum</strong></span> <span class='ocrx_word' id='word_1_71' title='bbox 1067 1307 1244 1377; x_wconf 75' lang='lat' dir='ltr'><strong>facultates</strong></span> 
     </span>
     <span class='ocr_line' id='line_1_10' title="bbox 110 1413 1244 1502; baseline 0 -18"><span class='ocrx_word' id='word_1_72' title='bbox 110 1418 291 1496; x_wconf 84' lang='lat' dir='ltr'><strong>taxandus,</strong></span> <span class='ocrx_word' id='word_1_73' title='bbox 309 1423 343 1484; x_wconf 86' lang='lat' dir='ltr'><strong>ct</strong></span> <span class='ocrx_word' id='word_1_74' title='bbox 358 1417 484 1484; x_wconf 88' lang='lat' dir='ltr'><strong>eisdem</strong></span> <span class='ocrx_word' id='word_1_75' title='bbox 501 1416 653 1484; x_wconf 87' lang='lat' dir='ltr'><strong>ecclesiis</strong></span> <span class='ocrx_word' id='word_1_76' title='bbox 669 1435 710 1482; x_wconf 91' lang='lat' dir='ltr'><strong>ac</strong></span> <span class='ocrx_word' id='word_1_77' title='bbox 726 1413 935 1482; x_wconf 87' lang='lat' dir='ltr'><strong>monasteriis</strong></span> <span class='ocrx_word' id='word_1_78' title='bbox 951 1417 1244 1502; x_wconf 82' lang='lat' dir='ltr'><strong>proportionaliter</strong></span> 
     </span>
    </p>
   </div>
   <div class='ocr_carea' id='block_1_9' title="bbox 2 1522 1243 1614">
    <p class='ocr_par' dir='ltr' id='par_1_9' title="bbox 2 1522 1243 1614">
     <span class='ocr_line' id='line_1_11' title="bbox 2 1522 1243 1614; baseline -0.002 -17"><span class='ocrx_word' id='word_1_79' title='bbox 2 1537 3 1568; x_wconf 39' lang='lat' dir='ltr'><strong>i</strong></span> <span class='ocrx_word' id='word_1_80' title='bbox 111 1525 342 1614; x_wconf 86' lang='lat' dir='ltr'><strong>imponendas,</strong></span> <span class='ocrx_word' id='word_1_81' title='bbox 369 1532 467 1611; x_wconf 90' lang='lat' dir='ltr'><strong>prout</strong></span> <span class='ocrx_word' id='word_1_82' title='bbox 484 1525 518 1592; x_wconf 90' lang='lat' dir='ltr'><strong>in</strong></span> <span class='ocrx_word' id='word_1_83' title='bbox 534 1525 681 1591; x_wconf 88' lang='lat' dir='ltr'><strong>ciusdem</strong></span> <span class='ocrx_word' id='word_1_84' title='bbox 707 1522 898 1590; x_wconf 86' lang='lat' dir='ltr'><strong>(lardinalis</strong></span> <span class='ocrx_word' id='word_1_85' title='bbox 914 1523 1034 1592; x_wconf 89' lang='lat' dir='ltr'><strong>litteris</strong></span> <span class='ocrx_word' id='word_1_86' title='bbox 1050 1524 1181 1611; x_wconf 89' lang='lat' dir='ltr'><strong>plenius</strong></span> <span class='ocrx_word' id='word_1_87' title='bbox 1196 1527 1243 1594; x_wconf 89' lang='lat' dir='ltr'><strong>di-</strong></span> 
     </span>
    </p>
   </div>
   <div class='ocr_carea' id='block_1_10' title="bbox 112 1631 1245 1738">
    <p class='ocr_par' dir='ltr' id='par_1_10' title="bbox 112 1631 1245 1738">
     <span class='ocr_line' id='line_1_12' title="bbox 112 1631 1245 1738; baseline -0.002 -34"><span class='ocrx_word' id='word_1_88' title='bbox 112 1639 194 1704; x_wconf 86' lang='lat' dir='ltr'><strong>citur</strong></span> <span class='ocrx_word' id='word_1_89' title='bbox 211 1634 396 1702; x_wconf 78' lang='lat' dir='ltr'><strong>contineri:</strong></span> <span class='ocrx_word' id='word_1_90' title='bbox 413 1651 474 1700; x_wconf 91' lang='lat' dir='ltr'><strong>nos</strong></span> <span class='ocrx_word' id='word_1_91' title='bbox 490 1633 594 1718; x_wconf 91' lang='lat' dir='ltr'><strong>ipsius</strong></span> <span class='ocrx_word' id='word_1_92' title='bbox 610 1631 767 1718; x_wconf 75' lang='lat' dir='ltr'><strong>Episcopi</strong></span> <span class='ocrx_word' id='word_1_93' title='bbox 777 1631 1069 1718; x_wconf 74' lang='lat' dir='ltr'><strong>supplicationibus</strong></span> <span class='ocrx_word' id='word_1_94' title='bbox 1079 1633 1231 1702; x_wconf 88' lang='lat' dir='ltr'><strong>inclinati</strong></span> <span class='ocrx_word' id='word_1_95' title='bbox 1234 1701 1245 1738; x_wconf 67' lang='lat'>‚</span> 
     </span>
    </p>
   </div>
   <div class='ocr_carea' id='block_1_11' title="bbox 2 1737 1244 1936">
    <p class='ocr_par' dir='ltr' id='par_1_11' title="bbox 2 1737 1244 1936">
     <span class='ocr_line' id='line_1_13' title="bbox 2 1737 1240 1828; baseline 0.001 -20"><span class='ocrx_word' id='word_1_96' title='bbox 2 1803 3 1808; x_wconf 75' lang='grc'>,</span> <span class='ocrx_word' id='word_1_97' title='bbox 112 1747 201 1828; x_wconf 88' lang='lat' dir='ltr'><strong>qnod</strong></span> <span class='ocrx_word' id='word_1_98' title='bbox 218 1745 262 1812; x_wconf 89' lang='lat' dir='ltr'><strong>ab</strong></span> <span class='ocrx_word' id='word_1_99' title='bbox 280 1743 396 1810; x_wconf 89' lang='lat' dir='ltr'><strong>eodem</strong></span> <span class='ocrx_word' id='word_1_100' title='bbox 413 1740 590 1810; x_wconf 82' lang='lat' dir='ltr'><strong>Gurdinale</strong></span> <span class='ocrx_word' id='word_1_101' title='bbox 607 1759 706 1825; x_wconf 89' lang='lat' dir='ltr'><strong>super</strong></span> <span class='ocrx_word' id='word_1_102' title='bbox 721 1739 782 1806; x_wconf 89' lang='lat' dir='ltr'><strong>boc</strong></span> <span class='ocrx_word' id='word_1_103' title='bbox 798 1737 922 1805; x_wconf 85' lang='lat' dir='ltr'><strong>iactum</strong></span> <span class='ocrx_word' id='word_1_104' title='bbox 939 1747 999 1824; x_wconf 86' lang='lat' dir='ltr'><strong>est,</strong></span> <span class='ocrx_word' id='word_1_105' title='bbox 1015 1747 1122 1808; x_wconf 90' lang='lat' dir='ltr'><strong>ratum</strong></span> <span class='ocrx_word' id='word_1_106' title='bbox 1140 1749 1174 1809; x_wconf 89' lang='lat' dir='ltr'><strong>et</strong></span> <span class='ocrx_word' id='word_1_107' title='bbox 1188 1742 1240 1808; x_wconf 89' lang='lat' dir='ltr'><strong>lir-</strong></span> 
     </span>
     <span class='ocr_line' id='line_1_14' title="bbox 2 1848 1244 1936; baseline 0.001 -17"><span class='ocrx_word' id='word_1_108' title='bbox 2 1861 3 1926; x_wconf 82' lang='lat' dir='ltr'><strong>l</strong></span> <span class='ocrx_word' id='word_1_109' title='bbox 111 1873 200 1920; x_wconf 90' lang='lat' dir='ltr'><strong>mum</strong></span> <span class='ocrx_word' id='word_1_110' title='bbox 217 1853 392 1934; x_wconf 87' lang='lat' dir='ltr'><strong>babentes,</strong></span> <span class='ocrx_word' id='word_1_111' title='bbox 411 1848 610 1917; x_wconf 87' lang='lat' dir='ltr'><strong>iraternitati</strong></span> <span class='ocrx_word' id='word_1_112' title='bbox 626 1856 680 1916; x_wconf 88' lang='lat' dir='ltr'><strong>tue</strong></span> <span class='ocrx_word' id='word_1_113' title='bbox 691 1869 750 1935; x_wconf 91' lang='lat' dir='ltr'><strong>per</strong></span> <span class='ocrx_word' id='word_1_114' title='bbox 760 1848 952 1934; x_wconf 83' lang='lat' dir='ltr'><strong>Apostolica</strong></span> <span class='ocrx_word' id='word_1_115' title='bbox 968 1851 1093 1936; x_wconf 88' lang='lat' dir='ltr'><strong>scripta</strong></span> <span class='ocrx_word' id='word_1_116' title='bbox 1107 1851 1244 1920; x_wconf 87' lang='lat' dir='ltr'><strong>firmiter</strong></span> 
     </span>
    </p>
   </div>
   <div class='ocr_carea' id='block_1_12' title="bbox 112 1957 1244 2156">
    <p class='ocr_par' dir='ltr' id='par_1_12' title="bbox 112 1957 1244 2156">
     <span class='ocr_line' id='line_1_15' title="bbox 112 1957 1243 2047; baseline -0.001 -18"><span class='ocrx_word' id='word_1_117' title='bbox 112 1961 326 2047; x_wconf 82' lang='lat' dir='ltr'><strong>precipiendo</strong></span> <span class='ocrx_word' id='word_1_118' title='bbox 354 1957 560 2040; x_wconf 86' lang='lat' dir='ltr'><strong>mundamus,</strong></span> <span class='ocrx_word' id='word_1_119' title='bbox 586 1963 748 2041; x_wconf 89' lang='lat' dir='ltr'><strong>quatenus</strong></span> <span class='ocrx_word' id='word_1_120' title='bbox 764 1957 932 2043; x_wconf 88' lang='lat' dir='ltr'><strong>predictas</strong></span> <span class='ocrx_word' id='word_1_121' title='bbox 958 1967 1085 2025; x_wconf 89' lang='lat' dir='ltr'><strong>centum</strong></span> <span class='ocrx_word' id='word_1_122' title='bbox 1101 1967 1135 2028; x_wconf 88' lang='lat' dir='ltr'><strong>et</strong></span> <span class='ocrx_word' id='word_1_123' title='bbox 1151 1963 1243 2044; x_wconf 90' lang='lat' dir='ltr'><strong>quin·</strong></span> 
     </span>
     <span class='ocr_line' id='line_1_16' title="bbox 113 2065 1244 2156; baseline 0 -19"><span class='ocrx_word' id='word_1_124' title='bbox 113 2068 277 2156; x_wconf 82' lang='lat' dir='ltr'><strong>quaginta</strong></span> <span class='ocrx_word' id='word_1_125' title='bbox 301 2065 404 2134; x_wconf 90' lang='lat' dir='ltr'><strong>libras</strong></span> <span class='ocrx_word' id='word_1_126' title='bbox 430 2065 568 2153; x_wconf 82' lang='lat' dir='ltr'><strong>prefatis</strong></span> <span class='ocrx_word' id='word_1_127' title='bbox 594 2065 744 2132; x_wconf 87' lang='lat' dir='ltr'><strong>ecclesiis</strong></span> <span class='ocrx_word' id='word_1_128' title='bbox 770 2071 804 2131; x_wconf 92' lang='lat' dir='ltr'><strong>et</strong></span> <span class='ocrx_word' id='word_1_129' title='bbox 826 2065 1038 2134; x_wconf 88' lang='lat' dir='ltr'><strong>monasteriis</strong></span> <span class='ocrx_word' id='word_1_130' title='bbox 1062 2086 1120 2156; x_wconf 88' lang='lat' dir='ltr'><strong>per</strong></span> <span class='ocrx_word' id='word_1_131' title='bbox 1141 2075 1173 2136; x_wconf 91' lang='lat' dir='ltr'><strong>te</strong></span> <span class='ocrx_word' id='word_1_132' title='bbox 1189 2072 1244 2138; x_wconf 81' lang='lat' dir='ltr'><strong>vel</strong></span> 
     </span>
    </p>
   </div>
   <div class='ocr_carea' id='block_1_13' title="bbox 2 2173 1245 2370">
    <p class='ocr_par' dir='ltr' id='par_1_13' title="bbox 2 2173 1245 2370">
     <span class='ocr_line' id='line_1_17' title="bbox 2 2173 1245 2260; baseline 0.002 -18"><span class='ocrx_word' id='word_1_133' title='bbox 2 2195 3 2218; x_wconf 65' lang='lat'>³</span> <span class='ocrx_word' id='word_1_134' title='bbox 113 2179 219 2244; x_wconf 90' lang='lat' dir='ltr'><strong>alium</strong></span> <span class='ocrx_word' id='word_1_135' title='bbox 244 2176 337 2241; x_wconf 87' lang='lat' dir='ltr'><strong>iuxta</strong></span> <span class='ocrx_word' id='word_1_136' title='bbox 363 2179 520 2242; x_wconf 89' lang='lat' dir='ltr'><strong>statutum</strong></span> <span class='ocrx_word' id='word_1_137' title='bbox 555 2179 589 2240; x_wconf 90' lang='lat' dir='ltr'><strong>et</strong></span> <span class='ocrx_word' id='word_1_138' title='bbox 617 2173 856 2241; x_wconf 86' lang='lat' dir='ltr'><strong>ordinationem</strong></span> <span class='ocrx_word' id='word_1_139' title='bbox 887 2173 1073 2242; x_wconf 81' lang='lat' dir='ltr'><strong>Oardinalis</strong></span> <span class='ocrx_word' id='word_1_140' title='bbox 1103 2176 1245 2260; x_wconf 89' lang='lat' dir='ltr'><strong>predicti</strong></span> 
     </span>
     <span class='ocr_line' id='line_1_18' title="bbox 2 2280 1243 2370; baseline 0.001 -19"><span class='ocrx_word' id='word_1_141' title='bbox 2 2327 3 2364; x_wconf 43' lang='lat' dir='ltr'><strong>q</strong></span> <span class='ocrx_word' id='word_1_142' title='bbox 112 2288 290 2370; x_wconf 88' lang='lat' dir='ltr'><strong>imponens</strong></span> <span class='ocrx_word' id='word_1_143' title='bbox 306 2305 345 2350; x_wconf 89' lang='lat' dir='ltr'><strong>ac</strong></span> <span class='ocrx_word' id='word_1_144' title='bbox 362 2283 474 2364; x_wconf 79' lang='lat' dir='ltr'><strong>colligi</strong></span> <span class='ocrx_word' id='word_1_145' title='bbox 501 2280 642 2366; x_wconf 85' lang='lat' dir='ltr'><strong>iaciens,</strong></span> <span class='ocrx_word' id='word_1_146' title='bbox 667 2301 725 2348; x_wconf 90' lang='lat' dir='ltr'><strong>eas</strong></span> <span class='ocrx_word' id='word_1_147' title='bbox 751 2280 901 2366; x_wconf 87' lang='lat' dir='ltr'><strong>predicto</strong></span> <span class='ocrx_word' id='word_1_148' title='bbox 918 2283 1082 2369; x_wconf 82' lang='lat' dir='ltr'><strong>Episcopo</strong></span> <span class='ocrx_word' id='word_1_149' title='bbox 1100 2285 1154 2351; x_wconf 85' lang='lat' dir='ltr'><strong>vel</strong></span> <span class='ocrx_word' id='word_1_150' title='bbox 1172 2285 1243 2353; x_wconf 86' lang='lat' dir='ltr'><strong>eius</strong></span> 
     </span>
    </p>
   </div>
   <div class='ocr_carea' id='block_1_14' title="bbox 113 2391 1243 2481">
    <p class='ocr_par' dir='ltr' id='par_1_14' title="bbox 113 2391 1243 2481">
     <span class='ocr_line' id='line_1_19' title="bbox 113 2391 1243 2481; baseline -0.001 -19"><span class='ocrx_word' id='word_1_151' title='bbox 113 2397 236 2462; x_wconf 90' lang='lat' dir='ltr'><strong>nuncio</strong></span> <span class='ocrx_word' id='word_1_152' title='bbox 253 2413 313 2481; x_wconf 93' lang='lat' dir='ltr'><strong>pro</strong></span> <span class='ocrx_word' id='word_1_153' title='bbox 330 2393 404 2478; x_wconf 91' lang='lat' dir='ltr'><strong>ipso</strong></span> <span class='ocrx_word' id='word_1_154' title='bbox 420 2391 526 2459; x_wconf 83' lang='lat' dir='ltr'><strong>iacias</strong></span> <span class='ocrx_word' id='word_1_155' title='bbox 544 2391 718 2476; x_wconf 84' lang='lat' dir='ltr'><strong>assignari.</strong></span> <span class='ocrx_word' id='word_1_156' title='bbox 744 2391 1006 2460; x_wconf 77' lang='lat' dir='ltr'><strong>contradictores</strong></span> <span class='ocrx_word' id='word_1_157' title='bbox 1023 2400 1084 2459; x_wconf 87' lang='lat' dir='ltr'><strong>etc.</strong></span> <span class='ocrx_word' id='word_1_158' title='bbox 1101 2393 1172 2461; x_wconf 89' lang='lat' dir='ltr'><strong>Non</strong></span> <span class='ocrx_word' id='word_1_159' title='bbox 1189 2393 1243 2462; x_wconf 88' lang='lat' dir='ltr'><strong>ob</strong></span> 
     </span>
    </p>
   </div>
   <div class='ocr_carea' id='block_1_15' title="bbox 2 2492 1243 2590">
    <p class='ocr_par' dir='ltr' id='par_1_15' title="bbox 2 2492 1243 2590">
     <span class='ocr_line' id='line_1_20' title="bbox 2 2492 1243 2590; baseline 0.005 -21"><span class='ocrx_word' id='word_1_160' title='bbox 2 2492 3 2578; x_wconf 42' lang='grc' dir='ltr'><em>ἕ</em></span> <span class='ocrx_word' id='word_1_161' title='bbox 113 2511 239 2588; x_wconf 86' lang='lat' dir='ltr'><strong>stante,</strong></span> <span class='ocrx_word' id='word_1_162' title='bbox 256 2501 285 2570; x_wconf 92' lang='lat' dir='ltr'><strong>si</strong></span> <span class='ocrx_word' id='word_1_163' title='bbox 302 2503 466 2584; x_wconf 87' lang='lat' dir='ltr'><strong>aliquibus</strong></span> <span class='ocrx_word' id='word_1_164' title='bbox 482 2521 504 2568; x_wconf 92' lang='lat' dir='ltr'><strong>a</strong></span> <span class='ocrx_word' id='word_1_165' title='bbox 519 2499 607 2569; x_wconf 81' lang='lat' dir='ltr'><strong>Sede</strong></span> <span class='ocrx_word' id='word_1_166' title='bbox 624 2500 820 2587; x_wconf 88' lang='lat' dir='ltr'><strong>Apostolica</strong></span> <span class='ocrx_word' id='word_1_167' title='bbox 833 2503 990 2570; x_wconf 85' lang='lat' dir='ltr'><strong>indultum</strong></span> <span class='ocrx_word' id='word_1_168' title='bbox 1008 2503 1140 2589; x_wconf 86' lang='lat' dir='ltr'><strong>existat,</strong></span> <span class='ocrx_word' id='word_1_169' title='bbox 1156 2509 1243 2590; x_wconf 88' lang='lat' dir='ltr'><strong>quod</strong></span> 
     </span>
    </p>
   </div>
   <div class='ocr_carea' id='block_1_16' title="bbox 113 2607 1244 2699">
    <p class='ocr_par' dir='ltr' id='par_1_16' title="bbox 2 2591 1244 2702">
     <span class='ocr_line' id='line_1_21' title="bbox 113 2607 1244 2699; baseline 0.002 -19.732"><span class='ocrx_word' id='word_1_170' title='bbox 113 2609 286 2696; x_wconf 82' lang='lat' dir='ltr'><strong>suspendi,</strong></span> <span class='ocrx_word' id='word_1_171' title='bbox 304 2609 578 2676; x_wconf 85' lang='lat' dir='ltr'><strong>excommunicari</strong></span> <span class='ocrx_word' id='word_1_172' title='bbox 586 2607 640 2676; x_wconf 87' lang='lat' dir='ltr'><strong>vel</strong></span> <span class='ocrx_word' id='word_1_173' title='bbox 651 2609 800 2676; x_wconf 87' lang='lat' dir='ltr'><strong>interdici</strong></span> <span class='ocrx_word' id='word_1_174' title='bbox 818 2630 882 2678; x_wconf 89' lang='lat' dir='ltr'><strong>non</strong></span> <span class='ocrx_word' id='word_1_175' title='bbox 899 2612 1028 2694; x_wconf 90' lang='lat' dir='ltr'><strong>possint</strong></span> <span class='ocrx_word' id='word_1_176' title='bbox 1043 2632 1101 2699; x_wconf 89' lang='lat' dir='ltr'><strong>per</strong></span> <span class='ocrx_word' id='word_1_177' title='bbox 1116 2614 1244 2683; x_wconf 88' lang='lat' dir='ltr'><strong>litteras</strong></span> 
     </span>
    </p>
   </div>
   <div class='ocr_carea' id='block_1_17' title="bbox 2 2711 1245 3024">
    <p class='ocr_par' dir='ltr' id='par_1_17' title="bbox 2 2711 1245 3024">
     <span class='ocr_line' id='line_1_22' title="bbox 2 2711 1244 2805; baseline 0.002 -17"><span class='ocrx_word' id='word_1_178' title='bbox 2 2711 3 2744; x_wconf 74' lang='lat'><em>³</em></span> <span class='ocrx_word' id='word_1_179' title='bbox 114 2719 207 2789; x_wconf 85' lang='lat' dir='ltr'><strong>sedis</strong></span> <span class='ocrx_word' id='word_1_180' title='bbox 223 2718 373 2785; x_wconf 86' lang='lat' dir='ltr'><strong>eiusdem</strong></span> <span class='ocrx_word' id='word_1_181' title='bbox 391 2736 456 2784; x_wconf 94' lang='lat' dir='ltr'><strong>non</strong></span> <span class='ocrx_word' id='word_1_182' title='bbox 472 2717 634 2786; x_wconf 84' lang='lat' dir='ltr'><strong>iacientes</strong></span> <span class='ocrx_word' id='word_1_183' title='bbox 659 2719 792 2803; x_wconf 87' lang='lat' dir='ltr'><strong>plenam</strong></span> <span class='ocrx_word' id='word_1_184' title='bbox 809 2725 842 2786; x_wconf 90' lang='lat' dir='ltr'><strong>et</strong></span> <span class='ocrx_word' id='word_1_185' title='bbox 857 2737 1045 2805; x_wconf 80' lang='lat' dir='ltr'><strong>expressam</strong></span> <span class='ocrx_word' id='word_1_186' title='bbox 1062 2721 1103 2787; x_wconf 88' lang='lat' dir='ltr'><strong>de</strong></span> <span class='ocrx_word' id='word_1_187' title='bbox 1118 2722 1244 2790; x_wconf 89' lang='lat' dir='ltr'><strong>indulto</strong></span> 
     </span>
     <span class='ocr_line' id='line_1_23' title="bbox 2 2825 1244 2914; baseline 0.006 -20"><span class='ocrx_word' id='word_1_188' title='bbox 2 2885 3 2894; x_wconf 73' lang='grc'>,</span> <span class='ocrx_word' id='word_1_189' title='bbox 114 2826 304 2895; x_wconf 86' lang='lat' dir='ltr'><strong>huiusmodi</strong></span> <span class='ocrx_word' id='word_1_190' title='bbox 331 2827 539 2911; x_wconf 87' lang='lat' dir='ltr'><strong>mentionem,</strong></span> <span class='ocrx_word' id='word_1_191' title='bbox 565 2827 618 2892; x_wconf 82' lang='lat' dir='ltr'><strong>uel</strong></span> <span class='ocrx_word' id='word_1_192' title='bbox 644 2825 793 2911; x_wconf 89' lang='lat' dir='ltr'><strong>qualibet</strong></span> <span class='ocrx_word' id='word_1_193' title='bbox 819 2826 888 2894; x_wconf 87' lang='lat' dir='ltr'><strong>alia</strong></span> <span class='ocrx_word' id='word_1_194' title='bbox 917 2827 1122 2914; x_wconf 84' lang='lat' dir='ltr'><strong>indulgentia</strong></span> <span class='ocrx_word' id='word_1_195' title='bbox 1154 2833 1244 2902; x_wconf 87' lang='lat' dir='ltr'><strong>sedis</strong></span> 
     </span>
     <span class='ocr_line' id='line_1_24' title="bbox 2 2935 1245 3024; baseline 0.006 -23"><span class='ocrx_word' id='word_1_196' title='bbox 2 3016 3 3024; x_wconf 8' lang='grc' dir='ltr'>ἵ</span> <span class='ocrx_word' id='word_1_197' title='bbox 113 2935 285 3023; x_wconf 85' lang='lat' dir='ltr'><strong>predicta,</strong></span> <span class='ocrx_word' id='word_1_198' title='bbox 311 2956 369 3023; x_wconf 87' lang='lat' dir='ltr'><strong>por</strong></span> <span class='ocrx_word' id='word_1_199' title='bbox 394 2956 492 3021; x_wconf 90' lang='lat' dir='ltr'><strong>quarn</strong></span> <span class='ocrx_word' id='word_1_200' title='bbox 509 2935 644 3004; x_wconf 82' lang='lat' dir='ltr'><strong>effectus</strong></span> <span class='ocrx_word' id='word_1_201' title='bbox 665 2936 869 3022; x_wconf 89' lang='lat' dir='ltr'><strong>presentium</strong></span> <span class='ocrx_word' id='word_1_202' title='bbox 894 2937 1047 3022; x_wconf 88' lang='lat' dir='ltr'><strong>impediri</strong></span> <span class='ocrx_word' id='word_1_203' title='bbox 1065 2941 1177 3008; x_wconf 82' lang='lat' dir='ltr'><strong>valeat</strong></span> <span class='ocrx_word' id='word_1_204' title='bbox 1191 2943 1245 3010; x_wconf 83' lang='lat' dir='ltr'><strong>rel</strong></span> 
     </span>
    </p>
   </div>
   <div class='ocr_carea' id='block_1_18' title="bbox 114 3042 1242 3134">
    <p class='ocr_par' dir='ltr' id='par_1_18' title="bbox 114 3042 1242 3134">
     <span class='ocr_line' id='line_1_25' title="bbox 114 3042 1242 3134; baseline 0.006 -23"><span class='ocrx_word' id='word_1_205' title='bbox 114 3042 253 3128; x_wconf 80' lang='lat' dir='ltr'><strong>differri,</strong></span> <span class='ocrx_word' id='word_1_206' title='bbox 271 3051 303 3109; x_wconf 90' lang='lat' dir='ltr'><strong>ct</strong></span> <span class='ocrx_word' id='word_1_207' title='bbox 318 3045 361 3110; x_wconf 90' lang='lat' dir='ltr'><strong>dc</strong></span> <span class='ocrx_word' id='word_1_208' title='bbox 377 3063 442 3128; x_wconf 91' lang='lat' dir='ltr'><strong>qua</strong></span> <span class='ocrx_word' id='word_1_209' title='bbox 457 3045 614 3127; x_wconf 89' lang='lat' dir='ltr'><strong>cuiusque</strong></span> <span class='ocrx_word' id='word_1_210' title='bbox 629 3051 740 3112; x_wconf 89' lang='lat' dir='ltr'><strong>tenore</strong></span> <span class='ocrx_word' id='word_1_211' title='bbox 757 3043 799 3110; x_wconf 91' lang='lat' dir='ltr'><strong>de</strong></span> <span class='ocrx_word' id='word_1_212' title='bbox 816 3045 917 3112; x_wconf 84' lang='lat' dir='ltr'><strong>uerbo</strong></span> <span class='ocrx_word' id='word_1_213' title='bbox 935 3046 1133 3114; x_wconf 80' lang='lat' dir='ltr'><strong>adverbum</strong></span> <span class='ocrx_word' id='word_1_214' title='bbox 1149 3069 1242 3134; x_wconf 92' lang='lat' dir='ltr'><strong>opor-</strong></span> 
     </span>
    </p>
   </div>
   <div class='ocr_carea' id='block_1_19' title="bbox 2 3138 1243 3442">
    <p class='ocr_par' dir='ltr' id='par_1_19' title="bbox 2 3138 1243 3452">
     <span class='ocr_line' id='line_1_26' title="bbox 2 3138 1243 3237; baseline 0.002 -15"><span class='ocrx_word' id='word_1_215' title='bbox 2 3138 3 3230; x_wconf 58' lang='lat'>}</span> <span class='ocrx_word' id='word_1_216' title='bbox 114 3160 186 3222; x_wconf 85' lang='lat' dir='ltr'><strong>teat</strong></span> <span class='ocrx_word' id='word_1_217' title='bbox 205 3155 237 3219; x_wconf 91' lang='lat' dir='ltr'><strong>in</strong></span> <span class='ocrx_word' id='word_1_218' title='bbox 253 3152 375 3218; x_wconf 87' lang='lat' dir='ltr'><strong>nostris</strong></span> <span class='ocrx_word' id='word_1_219' title='bbox 391 3152 509 3219; x_wconf 83' lang='lat' dir='ltr'><strong>litteris</strong></span> <span class='ocrx_word' id='word_1_220' title='bbox 519 3150 589 3218; x_wconf 88' lang='lat' dir='ltr'><strong>fieri</strong></span> <span class='ocrx_word' id='word_1_221' title='bbox 599 3152 807 3237; x_wconf 87' lang='lat' dir='ltr'><strong>mentionem,</strong></span> <span class='ocrx_word' id='word_1_222' title='bbox 825 3159 859 3219; x_wconf 86' lang='lat' dir='ltr'><strong>ct</strong></span> <span class='ocrx_word' id='word_1_223' title='bbox 874 3155 1103 3225; x_wconf 87' lang='lat' dir='ltr'><strong>constitutione</strong></span> <span class='ocrx_word' id='word_1_224' title='bbox 1114 3157 1155 3226; x_wconf 90' lang='lat' dir='ltr'><strong>de</strong></span> <span class='ocrx_word' id='word_1_225' title='bbox 1166 3158 1243 3226; x_wconf 90' lang='lat' dir='ltr'><strong>dua-</strong></span> 
     </span>
     <span class='ocr_line' id='line_1_27' title="bbox 2 3259 1242 3348; baseline 0.005 -18"><span class='ocrx_word' id='word_1_226' title='bbox 2 3313 3 3330; x_wconf 45' lang='lat' dir='ltr'><strong>t</strong></span> <span class='ocrx_word' id='word_1_227' title='bbox 117 3264 180 3327; x_wconf 91' lang='lat' dir='ltr'><strong>bus</strong></span> <span class='ocrx_word' id='word_1_228' title='bbox 191 3261 290 3328; x_wconf 90' lang='lat' dir='ltr'><strong>dictis</strong></span> <span class='ocrx_word' id='word_1_229' title='bbox 301 3259 393 3328; x_wconf 90' lang='lat' dir='ltr'><strong>edita</strong></span> <span class='ocrx_word' id='word_1_230' title='bbox 403 3262 436 3327; x_wconf 92' lang='lat' dir='ltr'><strong>in</strong></span> <span class='ocrx_word' id='word_1_231' title='bbox 448 3261 586 3329; x_wconf 90' lang='lat' dir='ltr'><strong>concilio</strong></span> <span class='ocrx_word' id='word_1_232' title='bbox 602 3259 760 3347; x_wconf 83' lang='lat' dir='ltr'><strong>generali.</strong></span> <span class='ocrx_word' id='word_1_233' title='bbox 777 3262 898 3328; x_wconf 89' lang='lat' dir='ltr'><strong>Datum</strong></span> <span class='ocrx_word' id='word_1_234' title='bbox 916 3262 1005 3348; x_wconf 89' lang='lat' dir='ltr'><strong>apud</strong></span> <span class='ocrx_word' id='word_1_235' title='bbox 1015 3262 1137 3339; x_wconf 90' lang='lat' dir='ltr'><strong>Urbem</strong></span> <span class='ocrx_word' id='word_1_236' title='bbox 1151 3263 1242 3336; x_wconf 84' lang='lat' dir='ltr'><strong>Vete-</strong></span> 
     </span>
     <span class='ocr_line' id='line_1_28' title="bbox 115 3368 1177 3442; baseline 0.003 -4.711"><span class='ocrx_word' id='word_1_237' title='bbox 115 3393 185 3438; x_wconf 89' lang='lat' dir='ltr'><strong>rem</strong></span> <span class='ocrx_word' id='word_1_238' title='bbox 202 3369 275 3438; x_wconf 86' lang='lat' dir='ltr'><strong>XV.</strong></span> <span class='ocrx_word' id='word_1_239' title='bbox 294 3369 371 3436; x_wconf 88' lang='lat' dir='ltr'><strong>Kal.</strong></span> <span class='ocrx_word' id='word_1_240' title='bbox 388 3368 591 3438; x_wconf 87' lang='lat' dir='ltr'><strong>Decembris.</strong></span> <span class='ocrx_word' id='word_1_241' title='bbox 618 3368 830 3437; x_wconf 81' lang='lat' dir='ltr'><strong>Pontificatus</strong></span> <span class='ocrx_word' id='word_1_242' title='bbox 846 3373 951 3439; x_wconf 88' lang='lat' dir='ltr'><strong>nostri</strong></span> <span class='ocrx_word' id='word_1_243' title='bbox 966 3391 1054 3440; x_wconf 87' lang='lat' dir='ltr'><strong>anno</strong></span> <span class='ocrx_word' id='word_1_244' title='bbox 1070 3375 1177 3442; x_wconf 87' lang='lat' dir='ltr'><strong>tertio.</strong></span> 
     </span>
    </p>
   </div>
   <div class='ocr_carea' id='block_1_20' title="bbox 226 3563 1143 3644">
    <p class='ocr_par' dir='ltr' id='par_1_20' title="bbox 226 3563 1143 3644">
     <span class='ocr_line' id='line_1_29' title="bbox 226 3563 1143 3644; baseline 0 -20"><span class='ocrx_word' id='word_1_245' title='bbox 226 3565 288 3637; x_wconf 73' lang='grc' dir='ltr'><strong>(Ν.</strong></span> <span class='ocrx_word' id='word_1_246' title='bbox 305 3563 407 3623; x_wconf 67' lang='lat' dir='ltr'><strong>orum</strong></span> <span class='ocrx_word' id='word_1_247' title='bbox 417 3565 493 3637; x_wconf 74' lang='lat' dir='ltr'><strong>papa</strong></span> <span class='ocrx_word' id='word_1_248' title='bbox 503 3563 704 3638; x_wconf 66' lang='lat' dir='ltr'><strong>aegestatem,</strong></span> <span class='ocrx_word' id='word_1_249' title='bbox 718 3563 845 3624; x_wconf 62' lang='lat' dir='ltr'><strong>rnatum</strong></span> <span class='ocrx_word' id='word_1_250' title='bbox 858 3565 897 3622; x_wconf 80' lang='lat' dir='ltr'><strong>m.</strong></span> <span class='ocrx_word' id='word_1_251' title='bbox 910 3584 946 3623; x_wconf 69' lang='lat' dir='ltr'><strong>m</strong></span> <span class='ocrx_word' id='word_1_252' title='bbox 959 3566 982 3623; x_wconf 89' lang='lat' dir='ltr'><strong>r.</strong></span> <span class='ocrx_word' id='word_1_253' title='bbox 995 3567 1022 3622; x_wconf 76' lang='lat' dir='ltr'><strong>a.</strong></span> <span class='ocrx_word' id='word_1_254' title='bbox 1035 3566 1098 3624; x_wconf 83' lang='lat' dir='ltr'><strong>asa.</strong></span> <span class='ocrx_word' id='word_1_255' title='bbox 1111 3568 1143 3644; x_wconf 80' lang='lat' dir='ltr'><strong>r.)</strong></span> 
     </span>
    </p>
   </div>
   <div class='ocr_carea' id='block_1_21' title="bbox 0 0 1648 5280">
    <p class='ocr_par' dir='ltr' id='par_1_21' title="bbox 0 0 1648 5280">
     <span class='ocr_line' id='line_1_30' title="bbox 0 0 1648 5280; baseline 0 0"><span class='ocrx_word' id='word_1_256' title='bbox 0 0 1648 5280; x_wconf 95' lang='lat' dir='ltr'><strong> </strong></span> 
     </span>
    </p>
   </div>
  </div>
 </body>
</html>
