3250 5268
601 350 759 456 „219-

0 539 1 574 ¹
116 547 329 630 suagesimo
345 547 478 632 quinto,
494 547 528 614 in
544 545 706 618 Kalendis
721 549 873 634 Augusti,
885 550 990 632 Regni
1007 557 1117 618 antem
1138 554 1245 622 nostri

115 673 202 724 anuo
218 655 398 722 trioesimo.

0 825 1 850 χ
224 762 269 828 lit
283 781 327 830 ne
351 761 464 846 eliqua
480 761 625 846 suspioio
651 763 694 830 do
709 763 921 849 presentibus
947 763 1067 832 litteris
1084 765 1162 832 oriri
1188 785 1242 832 va·

0 855 1 862 ἵ
115 870 196 954 leat,
211 889 274 956 pro
291 890 341 955 eo,
358 868 465 954 quod,
482 874 518 936 ut
532 869 764 955 premisimus,
778 870 959 954 Nioolaus,
980 871 1033 938 oui
1049 879 1194 940 oestrum
1211 881 1244 940 et

115 977 216 1044 uillas
240 979 455 1065 contulimus,
482 978 642 1063 magistro
660 977 819 1048 Foroasio
845 978 961 1047 Eleoto
977 980 1010 1046 in
1037 979 1242 1066 Propositum

0 1091 1 1104 ¹
114 1084 315 1162 Albensem,
341 1084 416 1154 aule
432 1091 544 1154 nostre
561 1084 898 1154 vioe-Caneellariom
919 1089 1054 1170 attinet,
1071 1089 1117 1156 ad
1132 1095 1241 1156 eante-

113 1195 181 1262 lam
197 1194 342 1278 sigillum
359 1195 560 1262 autenticum
576 1194 677 1279 ipsius
706 1193 904 1264 venerabilis
921 1196 1025 1281 patris
1049 1197 1106 1263 Pla
1124 1195 1243 1264 drobi-

0 1385 1 1412 *
114 1301 267 1390 episeopi
282 1304 519 1390 Strigoniensis
529 1353 537 1386 ,
554 1303 756 1372 Ganoollerii
773 1305 885 1388 nostri,
908 1304 1000 1371 iuxta
1019 1311 1168 1374 nostrum
1183 1305 1242 1374 dn·

0 1413 1 1424 ’
114 1412 197 1498 plox
215 1413 359 1500 sigillum
376 1413 498 1500 epponi
515 1433 555 1481 ex
566 1419 659 1481 oerta
675 1413 822 1481 seienoia
837 1413 975 1480 fecimus
992 1419 1025 1481 et
1039 1413 1197 1500 appendi.

0 1627 1 1630 ¹
115 1605 152 1679 (Δ
164 1605 349 1680 bt'rhdrtydn
361 1605 399 1663 trt
411 1607 522 1664 eredsti
534 1605 622 1676 utin,
637 1607 758 1680 melyrdl
771 1626 789 1664 a
802 1606 900 1680 kirtly
913 1607 945 1665 ds
959 1608 1052 1682 Ftlldp
1066 1609 1241 1682 eantergauei

483 1693 568 1754 erselt
581 1694 709 1768 possetei
720 1695 872 1770 fltggnelr.)

563 1994 809 2010 'mun—a-

621 2595 631 2614 .
653 2541 710 2609 82.

0 2770 1 2775 ’
115 2743 137 2808 1
141 2741 176 2808 V.
192 2740 278 2808 Belo
291 2741 404 2826 lcirdly
418 2761 439 2803 a
455 2739 548 2826 pydre'
556 2739 744 2827 pttepdlcrsek
757 2739 1039 2826 mepperaoeeolja,
1056 2735 1141 2826 dopy'
1150 2761 1172 2806 o
1187 2741 1240 2807 ba-

0 2838 1 2873 ³
137 2850 287 2938 mybdi
306 2850 476 2935 apdtsdpot
490 2846 712 2934 tizedp'opdbou
726 2869 764 2912 oe
778 2845 979 2933 interpam.
997 2845 1096 2914 1265.
1106 2847 1208 2915 tonet.

223 3045 309 3114 Bela
323 3044 387 3111 Dei
403 3041 519 3128 gracia
543 3043 713 3127 Hungarie
728 3044 800 3110 Rex
815 3041 998 3110 venerabili
1021 3045 1108 3127 petri
1125 3045 1164 3110 D.
1182 3065 1243 3132 per

115 3155 258 3226 eandem
274 3152 440 3239 Episeopo
461 3151 628 3220 lauriensi
654 3151 780 3220 dileeto
806 3157 840 3218 et
854 3148 943 3216 fideli
967 3167 1026 3216 suo
1052 3152 1244 3221 salutemet

115 3262 266 3349 proeium
290 3260 435 3348 plenam.
478 3261 530 3326 ltx
556 3260 792 3343 conquestione
823 3258 1014 3326 conuentus
1047 3260 1244 3330 Monasterii

115 3371 222 3442 nostri
237 3369 281 3439 de
295 3369 377 3440 Boot
403 3367 646 3450 intelleximus,
674 3369 762 3452 quod
777 3386 839 3436 vos
855 3367 997 3434 nitimini
1013 3376 1128 3438 eontra
1151 3368 1243 3438 insti-

114 3483 201 3548 eiam
217 3497 379 3566 usurpare
395 3477 541 3546 dooimes
557 3479 749 3562 populorum
767 3495 900 3551 suornm
917 3476 959 3542 do
975 3474 1101 3564 Koyar,
1119 3498 1203 3563 quas
1220 3499 1242 3545 e

115 3597 275 3676 ternpore,
295 3575 388 3656 onius
403 3607 469 3654 non
495 3591 588 3654 extat
604 3585 763 3654 momoria
779 3586 1010 3653 monasterium
1038 3593 1184 3654 nostrum
1201 3586 1243 3653 ds

114 3698 196 3767 Beel
213 3697 364 3794 possedit
379 3694 516 3783 peoitiee
532 3715 573 3763 ao
589 3694 751 3781 possidet,
768 3701 801 3762 ot
817 3713 916 3779 super
932 3694 994 3759 hoo
1014 3695 1140 3779 priores
1156 3693 1243 3761 litte·

114 3827 193 3894 ras,
220 3825 304 3891 quas
320 3804 417 3874 vobis
433 3805 645 3885 miseramus,
671 3811 866 3887 aeeeptare,
894 3801 981 3868 sient
996 3801 1092 3869 nobis
1114 3799 1243 3885 dieitur,

1 3955 2 3960 ,
116 3911 283 3985 uoluistis.
308 3913 429 3980 Verum
445 3929 518 3980 eum
536 3910 625 3980 idem
651 3910 888 3980 Monssterinm
903 3909 945 3974 ab
962 3910 1098 3992 entique
1115 3927 1245 3994 sempor

117 4021 266 4090 fueritin
285 4019 427 4107 paoitioa
453 4021 669 4107 possessione
686 4025 719 4084 et
735 4017 957 4105 pemepoiono
976 4017 1174 4086 deeimarum
1191 4037 1244 4084 oa·

1 4161 2 4174 ³
116 4125 430 4212 sesemetipsum
447 4130 491 4198 sit
506 4128 763 4218 presoripeione‚
783 4147 909 4212 uosque
927 4145 1026 4213 snper
1042 4127 1103 4192 hoe
1120 4133 1153 4212 et
1168 4125 1244 4192 aliis

117 4242 167 4309 ius
184 4239 281 4308 vobis
298 4239 408 4322 dioere
426 4257 491 4306 non
512 4237 683 4323 debeatts;
710 4238 858 4304 volumus
876 4241 908 4300 et
924 4233 1118 4302 mandamus
1134 4240 1244 4320 pater·

116 4349 212 4418 nitati
238 4354 347 4416 vestre
373 4345 550 4434 diligenter
565 4344 785 4428 requirendo,
813 4348 975 4428 quotenos
991 4342 1034 4408 eb
1060 4339 1245 4409 huiusmodi

1 4513 2 4516 ,
116 4455 267 4530 indebita
284 4455 505 4542 rsurpaoiono
521 4475 580 4523 sen
597 4451 821 4539 oeonpaeione
839 4448 1037 4520 deeimarum
1055 4445 1245 4516 Monasterii

1 4605 2 4660 i
115 4565 223 4634 nostri
241 4563 426 4649 sopradicti
452 4564 585 4649 penitus
601 4559 785 4628 desistatis.
811 4560 846 4628 Si
863 4559 939 4644 quid
956 4565 1067 4625 eutem
1088 4555 1168 4622 iuris
1185 4575 1244 4623 vos

118 4674 246 4762 hebere
273 4671 409 4742 ereditis
424 4672 458 4741 in
475 4671 620 4756 eisdem,
645 4690 745 4756 super
760 4671 822 4739 hoo
839 4666 953 4734 ordine
976 4663 1140 4750 judicario
1156 4669 1244 4750 pote·
