3270 5280
840 307 1000 428 *as-3

354 517 570 613 stinuverint;
599 534 631 595 et
647 529 713 594 illls
730 527 892 610 similiter,
909 527 963 609 qui
980 526 1057 594 licet
1073 528 1107 592 in
1124 525 1241 592 alienis
1264 525 1431 610 expensis,
1447 522 1487 589 in

354 636 498 722 propriis
523 643 635 702 tamen
657 635 809 720 personis
834 631 1045 716 accesserint,
1073 632 1204 721 plenam
1221 652 1351 700 snorum
1368 650 1489 696 conee-

353 744 461 810 dimus
477 743 608 810 veniam
626 749 846 828 peccatorum.
863 741 969 808 Huius
986 739 1489 825 quoqueremissionisvolnmus

354 857 390 917 et
405 849 616 917 concedimus
644 867 718 916 esse
743 847 926 934 participes
951 847 1044 913 iuxta
1060 848 1276 932 quantitatem
1294 842 1438 913 subsidii
1453 848 1491 910 et

355 956 541 1026 devotionis
559 955 714 1023 affectum
729 975 854 1039 omues,
882 953 937 1037 qni
951 954 996 1020 ed
1012 954 1261 1023 subventionem
1278 953 1382 1040 ipslns
1398 959 1489 1018 terre

354 1065 509 1133 debonis
526 1063 595 1132 suis
612 1065 758 1149 aliquam
774 1065 971 1151 portionem,
987 1065 1042 1132 vel
1052 1064 1137 1130 alias
1154 1060 1325 1131 consilinm
1342 1067 1377 1128 et
1392 1061 1487 1126 anxi·

356 1173 434 1242 lium
450 1168 668 1258 impenderint
686 1177 917 1257 opportunum.
949 1170 1106 1239 Volumus
1122 1169 1223 1237 etiam
1240 1169 1489 1254 crucesignatos

356 1280 413 1348 illo
430 1280 604 1367 privilegio
630 1279 752 1362 illaque
780 1280 983 1347 immunitate
1008 1279 1174 1365 gaudere,
1201 1297 1265 1362 que
1285 1277 1318 1342 in
1335 1277 1487 1361 generali
1621 1319 1630 1336 .

356 1387 657 1472 crucesignatorum
673 1385 878 1472 indulgentia
894 1386 1088 1454 continetur.
1100 1387 1143 1454 Ut
1153 1395 1263 1454 autem
1274 1386 1487 1453 commissum

357 1495 417 1562 tibi
433 1494 620 1564 huiusmodi
636 1496 850 1564 ministerium
875 1495 1007 1564 facilius
1032 1503 1064 1562 et
1090 1497 1200 1562 utilius
1217 1496 1336 1579 exequi
1354 1495 1486 1572 valeas,

356 1603 416 1671 tibi
433 1610 466 1668 et
482 1604 650 1690 predictis,
675 1623 757 1688 quos
784 1604 817 1669 iu
843 1601 905 1670 boc
931 1610 1162 1689 cooperatores
1187 1603 1342 1687 elegeris,
1367 1617 1489 1669 couro-

356 1711 455 1780 candi
471 1713 514 1780 ob
537 1710 572 1778 id
597 1713 862 1796 quotiescumque
888 1721 921 1780 et
947 1712 1140 1796 ubicumque
1166 1709 1288 1780 videris
1316 1708 1489 1793 expedire,

356 1817 462 1887 clercs
479 1827 512 1887 et
528 1821 665 1904 populos
693 1819 848 1904 locorum,
875 1821 908 1885 iu
933 1819 1051 1903 quibus
1069 1827 1102 1887 te
1119 1821 1174 1889 rel
1191 1820 1284 1904 ipsos
1301 1835 1489 1906 proponere

356 1926 528 2012 eontigerit
542 1928 677 1996 verbum
703 1927 821 2012 erneis,
849 1933 883 1993 nt
907 1928 1199 2015 processionaliter
1221 1945 1293 1993 cum
1310 1926 1489 1993 devotione

357 2035 555 2103 conveniant
565 2043 597 2103 et
607 2035 886 2123 predicationibus
897 2036 1017 2104 vestris
1034 2035 1335 2122 intersinthleros
1352 2037 1490 2104 eosdem

357 2139 400 2207 ad
415 2142 461 2226 id,
479 2142 507 2209 si
523 2162 662 2213 necesse
677 2142 782 2227 inerit,
803 2163 1048 2229 percensuram
1076 2145 1354 2228 ecclesiasticam,
1375 2143 1491 2229 appel·

358 2247 480 2317 latione
496 2252 693 2338 postposita,
716 2251 946 2339 compellendi,
971 2273 1010 2320 ao
1036 2273 1096 2340 pro
1112 2252 1236 2320 eisdem
1254 2249 1490 2339 predicationi·

356 2357 417 2422 bns
434 2357 546 2442 leriae,
562 2365 659 2446 prout
675 2359 831 2446 expedire
846 2358 978 2444 videris,
996 2360 1160 2428 indicendi
1169 2383 1178 2447 3
1192 2357 1394 2426 concedendi
1411 2377 1495 2442 quo-

356 2483 420 2549 que
435 2466 587 2534 omnibus
611 2485 689 2536 rere
718 2467 941 2552 penitentibus
966 2474 999 2538 et
1022 2467 1197 2554 confessis,
1215 2468 1271 2552 qni
1287 2467 1332 2534 ad
1349 2467 1491 2535 easdem

355 2575 610 2643 convocationes
637 2582 671 2642 et
688 2574 936 2661 predicatioues
960 2583 1089 2647 vestras
1116 2577 1329 2660 accesserint,
1355 2583 1491 2644 centum

357 2679 484 2746 dierum
501 2679 738 2766 indulgentiam
764 2685 897 2770 plenam
918 2684 1122 2754 concedimus
1139 2684 1338 2753 auctoritate
1354 2702 1490 2773 presen-

356 2786 434 2852 tium
451 2792 659 2873 potestatem.
691 2791 766 2858 Nou
783 2793 1000 2877 obstantibus,
1017 2795 1045 2860 si
1061 2793 1228 2878 aliquibus
1253 2796 1493 2877 cuiuscumque

356 2891 479 2959 ordinis
494 2895 546 2960 vel
563 2894 735 2981 dignitatis
761 2899 925 2986 existant,
952 2898 1039 2984 quod
1065 2901 1227 2984 interdici,
1254 2901 1414 2988 suspendi
1435 2903 1491 2968 vel

356 3000 629 3069 excommunicari
654 3011 831 3092 nequeant,
848 3024 869 3072 a
884 3009 972 3076 Sede
993 3009 1186 3095 Apostolica
1201 3011 1244 3077 sit
1261 3010 1440 3094 indultum,
1458 3017 1492 3077 et

355 3106 555 3190 quibuslibet
578 3107 816 3198 indulgentiis,
840 3113 1027 3199 privilegiis
1061 3135 1121 3182 seu
1152 3116 1271 3187 litteris
1297 3117 1343 3183 ab
1369 3116 1490 3187 eadem

355 3214 443 3283 Sede
460 3214 603 3284 obtentis
619 3219 673 3285 rel
689 3218 889 3301 obtinendis,
915 3240 977 3307 per
1001 3243 1064 3307 qne
1089 3225 1242 3310 predicta
1262 3225 1418 3313 impediri
1436 3229 1493 3294 vel

355 3319 544 3390 defraudari
560 3324 698 3408 possint,
716 3331 749 3390 et
764 3323 807 3393 dc
822 3327 941 3412 quibus
951 3329 1129 3414 specialem
1145 3339 1296 3418 oporteat
1312 3334 1346 3399 in
1364 3334 1492 3401 uostris

354 3429 474 3496 litteris
490 3427 559 3496 fleri
576 3432 784 3498 mentionem.
800 3433 927 3503 Taliter
937 3437 1036 3521 igitur
1052 3445 1088 3506 tu
1105 3447 1138 3506 ct
1153 3441 1222 3526 alii,
1239 3440 1359 3524 quibus
1375 3443 1491 3510 huius·

354 3533 443 3602 modi
459 3536 695 3623 predicationis
704 3537 844 3608 odicium
856 3539 989 3611 duxeris
1000 3547 1277 3633 committendum,
1295 3549 1492 3618 mandatum

355 3641 579 3726 Apostolicnm
596 3661 694 3730 super
718 3643 780 3712 boc
805 3649 925 3732 exequi
939 3653 1131 3738 procuretis,
1147 3655 1235 3738 qnod
1251 3655 1400 3742 palmam
1418 3657 1490 3742 glo·

354 3746 413 3830 rie,
430 3765 492 3829 qne
508 3749 630 3818 bellum
656 3750 719 3818 Dei
746 3755 935 3840 gerentibus
959 3757 995 3824 in
1011 3761 1259 3830 retributionem
1276 3764 1321 3830 ab
1338 3763 1412 3850 ipso
1430 3765 1491 3830 im·

356 3851 518 3938 penditur,
544 3863 655 3924 vestra
680 3857 811 3928 devotio
837 3863 995 3947 consequi
1019 3873 1192 3936 mereatur.
1238 3868 1364 3940 Datum
1397 3873 1493 3959 apud

359 3956 634 4030 UrbemVeterem
651 3966 723 4032 1111.
736 3967 849 4035 Nonas
859 3967 1013 4039 Octobris
1026 3969 1388 4066 (Pontificatusnostri)
1399 3997 1492 4046 anno

359 4067 464 4134 tertio.
564 4077 567 4082 '

463 4239 524 4310 (iv.
537 4243 634 4304 Orbtln
646 4248 724 4321 ptpa
736 4247 941 4322 Regcstdibdl,
954 4251 1081 4312 Thainsr
1094 4257 1133 4312 id.
1146 4275 1183 4312 m.
1197 4259 1218 4316 L
1232 4263 1261 4315 k.
1274 4259 1339 4317 249.
1352 4263 1389 4344 Ι.)Ι

784 4519 1038 4532 “m—u·-
