3250 5268
854 340 1019 442 *gr-0-

232 575 239 588 ·
372 545 443 616 ritis
460 541 612 629 experiri.
636 542 794 608 Preterea
809 540 852 607 ds
867 539 1109 607 verberaeione
1126 533 1414 624 lribntariiipsius
1430 532 1487 598 blo

373 653 512 722 nestorii
527 653 651 733 nostri,
678 668 775 732 quem
801 645 978 716 enormiter
997 649 1167 714 verberari
1192 645 1312 711 fecisse
1338 639 1502 721 dicimini,

373 763 459 847 quod
475 780 541 827 non
558 757 720 825 oredimus
730 804 739 839 ,
757 755 864 824 eidem
882 755 1015 822 fecistis
1040 755 1188 821 exhiberi
1205 769 1384 838 congruam
1401 751 1502 814 satis·

373 870 555 938 faeoionem
572 873 605 934 et
621 864 851 934 omnimodam.
874 862 975 930 Aliud
992 864 1077 930 sient
1097 869 1244 931 nostram
1260 860 1403 946 graoiarn
1420 855 1501 923 eha-

372 998 443 1045 ram
469 975 619 1052 habetis,
646 995 711 1042 non
732 971 868 1058 faetnri,
896 990 938 1038 ne
955 962 1051 1038 nobis
1077 971 1118 1038 de
1145 965 1329 1037 huiusmodi
1355 965 1501 1051 amplius

373 1083 577 1170 querimonia
601 1081 680 1148 dieti
698 1079 887 1150 conuentus
903 1079 1101 1167 porrigatur.
1125 1075 1308 1162 Religionis
1335 1073 1423 1139 enim
1440 1071 1501 1136 bn-

374 1189 496 1260 militas
512 1196 545 1258 et
561 1195 672 1258 vestre
688 1190 792 1257 uirtus
818 1186 993 1275 paeienoie
1008 1186 1044 1253 id
1059 1185 1214 1270 requirit,
1243 1179 1331 1266 quod
1346 1199 1410 1246 non
1437 1198 1502 1265 per

376 1298 592 1380 violandam,
619 1297 678 1364 sed
694 1297 774 1364 iuris
800 1296 1054 1364 observantiam
1079 1295 1131 1361 ius
1157 1299 1302 1360 vestrum
1328 1300 1362 1356 et
1387 1295 1502 1354 vestre

329 1445 331 1452 ι
372 1405 522 1474 Ebelesie
537 1405 732 1490 requiratis,
758 1425 832 1472 oum
848 1401 1082 1488 restringenda
1099 1399 1141 1469 sil
1157 1400 1220 1468 sub
1246 1397 1381 1466 raeione
1408 1401 1500 1483 poie-

373 1521 445 1582 atos
455 1539 464 1602 ;
488 1515 630 1582 maxime
646 1515 701 1580 vbi
717 1515 816 1582 debet
841 1515 1000 1582 Maiestas
1016 1513 1121 1597 Regia
1140 1509 1293 1578 reuereri.
1321 1507 1446 1574 Datum
1461 1504 1500 1571 in

373 1621 522 1710 Fynegtn
537 1623 572 1690 in
588 1621 673 1690 sesto
689 1622 801 1692 Saneli
818 1621 984 1690 Demetrii.

547 1814 696 1888 (Erotem
709 1833 727 1874 a
739 1835 781 1875 aa.
798 1814 922 1874 mimoni
934 1811 1090 1888 ibapatstg
1102 1809 1326 1883 leve'lttreban.)

802 2104 1057 2118 m

373 2835 482 2901 loson
496 2833 601 2921 ifjabb
617 2835 919 2926 kirdlywmeyerlistti
930 2838 1062 2903 torum
1078 2837 1198 2924 erdelyi
1217 2837 1385 2923 oojdtireok
1403 2838 1508 2902 1248.

503 2941 636 3010 Aloinee
651 2947 799 3008 azonrciro
814 2947 940 3012 loiadon
960 2944 1252 3031 anabadociyleoolei.
1271 2945 1371 3009 1265.

481 3141 671 3225 Stephanus
689 3141 752 3208 Dei
768 3141 883 3226 graoie
899 3143 971 3209 Rex
987 3141 1177 3227 Hungarie,
1199 3142 1275 3208 Dux
1291 3139 1507 3210 Transsilua·

373 3267 448 3330 nus,
465 3245 626 3315 Dominus
654 3247 872 3316 Gomanorum
897 3250 1061 3318 uniuersis
1082 3257 1149 3314 lam
1175 3249 1386 3334 presentibus
1404 3269 1506 3332 quam

371 3354 490 3422 tuturis
507 3364 680 3441 presentes
698 3356 825 3424 litteras
843 3357 1039 3444 inspecturis
1057 3360 1195 3424 salutem
1218 3358 1251 3422 in
1268 3357 1415 3425 omnium
1433 3359 1506 3424 Sal-

374 3465 497 3529 vatore.
524 3463 603 3530 Onm
620 3463 653 3527 in
671 3463 880 3556 multitudine
904 3466 1013 3551 plebis
1028 3464 1132 3533 honor
1145 3467 1272 3547 Regum
1297 3465 1506 3534 aooendatur

373 3575 408 3635 el
423 3577 613 3650 aoeresoat,
640 3571 756 3636 merito
778 3570 912 3656 Regalis
939 3572 1113 3638 consueuit
1138 3567 1326 3638 sublimitas
1353 3572 1506 3657 hospites

372 3675 436 3742 sibi
459 3676 611 3743 subditos
632 3677 842 3745 libertatibus
874 3677 1063 3762 premunire
1090 3685 1123 3744 et
1157 3676 1292 3746 refioere
1320 3677 1504 3747 donatiuie.

371 3777 460 3848 Hine
475 3789 527 3850 est
545 3783 664 3870 igilur,
692 3783 779 3868 quod
795 3784 839 3851 ad
856 3784 1084 3854 universorum
1111 3787 1319 3869 presencium
1346 3794 1506 3870 postero-

375 3907 511 3970 rumque
527 3893 682 3958 notieiam
708 3892 823 3957 barum
840 3895 927 3959 serie
942 3893 1090 3959 volumus
1106 3892 1298 3980 pervenire,
1316 3895 1407 3980 quod
1424 3893 1502 3963 fide-

372 3995 421 4064 les
436 3994 586 4082 hospites
612 3997 714 4063 nostri
730 3999 772 4064 de
787 3998 916 4086 Wynob
933 3997 976 4064 ad
992 4019 1052 4088 nos
1068 4000 1278 4079 aecedentes,
1301 4003 1398 4071 nobis
1415 4003 1504 4082 litte-

372 4121 429 4169 ras
446 4100 558 4169 dileeti
573 4102 683 4170 fidelis
699 4107 802 4172 nostri
818 4106 1005 4192 Laureneii,
1022 4106 1160 4174 condam
1177 4109 1361 4194 Waywode
1378 4111 1504 4178 Trans·

374 4209 499 4277 silvani
515 4219 548 4277 et
565 4211 701 4280 Comitis
717 4216 759 4281 de
775 4213 944 4292 Wolkow‚
972 4233 1059 4281 nune
1074 4217 1226 4303 Magistri
1242 4217 1504 4286 'I'avernieorum

371 4323 555 4386 nostrorum
569 4327 812 4406 presentarunt,
835 4329 986 4407 petentes
1004 4324 1135 4390 anobis
1153 4325 1329 4408 humililer,
1348 4333 1385 4394 ut
1400 4328 1504 4395 liber·
1571 4337 1578 4348 “

368 4429 470 4492 tatem
487 4445 526 4491 ae
553 4427 825 4495 eonsuetudinem
851 4427 995 4512 ipsorum
1017 4430 1050 4496 in
1067 4431 1194 4499 eisdem
1219 4431 1339 4500 litteris
1364 4442 1504 4503 eonten-

367 4533 455 4612 tam,
481 4532 525 4596 ab
543 4533 660 4599 eodem
677 4533 858 4600 Laurenoio
875 4541 1021 4620 tempore
1039 4539 1090 4604 soi
1106 4539 1336 4609 Woiwodatus
1362 4543 1502 4613 ordina·

370 4637 439 4700 ten
454 4641 565 4704 nostro
590 4639 761 4724 privilegio
787 4637 980 4711 eontirnrare
995 4641 1219 4730 dignaremur.
1242 4647 1313 4715 Nos
1328 4647 1499 4735 siquidem
