3250 5268
913 323 978 394 tto

385 527 441 614 qui
457 525 558 612 novit,
576 533 610 596 et
626 526 770 612 regimen
787 531 878 594 tuum
893 524 928 594 in
944 523 1066 596 eisdem
1081 523 1240 594 Ecclesiis
1255 542 1295 596 ec
1311 537 1530 614 prosperum

385 637 549 720 lucienle,
581 635 636 718 qni
652 641 772 722 potest,
803 652 862 720 per
885 638 974 702 tunm
997 633 1212 704 ministerium
1236 631 1460 722 spiritualiter
1493 629 1536 696 et

385 744 611 832 temporaliter
618 749 725 812 status
735 741 935 812 exultabitur
944 738 1131 810 earundem.
1139 739 1301 822 Quocirca
1309 739 1533 810 mundamus

386 859 546 938 quatenus
561 851 738 920 iniunctum
764 847 824 916 tibi
839 869 920 918 onus
936 849 1100 920 humiliter
1114 855 1148 916 et
1163 849 1282 918 devote
1306 847 1530 933 suscipiens,

388 961 436 1028 sic
460 959 540 1028 illud
564 961 713 1030 sollerter
737 978 902 1044 exercens,
933 959 1020 1044 quod
1050 959 1183 1028 tondens
1208 956 1426 1028 intinctionis
1454 951 1533 1022 tibi

387 1069 527 1140 comisse
542 1067 726 1138 redditurus
742 1067 908 1136 tremendo
924 1066 1031 1136 ludici
1051 1067 1221 1154 relicuom,
1235 1069 1364 1138 talentu
1379 1061 1535 1136 ondita

388 1175 559 1265 duplicate
574 1177 616 1262 ei,
633 1195 696 1262 quc
712 1175 862 1254 credidit,
879 1183 1105 1262 representes,
1129 1179 1242 1260 meque
1256 1193 1357 1264 snper
1371 1192 1532 1262 gregem

388 1303 475 1370 oure,
492 1291 547 1352 tue
562 1283 720 1354 creditum
735 1283 898 1356 sollicites
924 1284 1061 1354 studeas
1078 1284 1242 1354 custodire
1256 1279 1401 1370 vigilios,
1419 1280 1530 1370 quod

388 1414 453 1462 unc
467 1413 539 1464 cum
555 1393 629 1480 ipsc
644 1395 811 1481 merearis,
828 1394 944 1464 ecdem
968 1393 1121 1462 ueniente
1147 1410 1278 1480 sponso,
1303 1389 1346 1460 ud
1370 1396 1530 1478 perstas

388 1501 493 1590 ipsius
509 1504 587 1588 agui
601 1501 733 1590 nuptias
749 1501 892 1572 intricre.
909 1503 1032 1571 Delum
1047 1501 1185 1572 viterbii
1201 1503 1256 1570 Ill.
1272 1499 1349 1570 Idus
1368 1501 1528 1570 Decem-

388 1605 467 1680 bris.
485 1605 709 1695 (Pontificatus
726 1607 842 1700 nostri)
858 1630 945 1680 enno
960 1610 1116 1682 secundo.
1134 1647 1176 1658 -

471 1805 530 1877 (tv.
544 1805 682 1864 lielemen
697 1805 772 1879 plps
785 1808 980 1881 Regesllibcl,
994 1809 1120 1866 Theiner
1133 1807 1170 1865 id.
1184 1827 1218 1863 m,
1230 1807 1253 1862 ⁴1.
1267 1805 1294 1862 k.
1311 1805 1374 1864 291.
1386 1801 1418 1876 l.)

920 2543 977 2608 Β.

587 2742 647 2808 IV.
667 2741 812 2808 Kelemsn
825 2736 1015 2830 Jupycnoson
1031 2743 1200 2808 clamem
1219 2741 1316 2807 1266.

500 2941 649 3010 Clemens
666 2939 850 3028 Episcopus
865 2945 926 3008 eto.
943 2937 1185 3010 venereoitilus
1205 2935 1362 3008 inanibus
1378 2983 1386 3002 .
1405 2985 1412 3002 .
1431 2983 1438 2998 .
1455 2933 1519 3002 Ar·

395 3049 605 3135 chlepiscopo
630 3045 846 3133 Strigoniensi
861 3053 894 3113 et
910 3096 917 3112 .
936 3095 968 3112 ..
1000 3047 1166 3137 Episcopo
1191 3045 1360 3116 Wsoieusi
1376 3042 1523 3114 sulutem

395 3165 457 3224 etc.
474 3153 644 3224 colocensi
660 3161 694 3222 et
710 3154 888 3224 Bechiensi
914 3155 1091 3233 Ecclesiis,
1119 3173 1184 3240 que
1209 3153 1405 3226 eumoritete
1431 3150 1523 3238 spo-

395 3263 515 3332 slcllce
529 3269 606 3330 sunt
621 3262 725 3342 uuile,
740 3264 882 3350 postoris
898 3262 1016 3332 solutio
1041 3264 1217 3351 destitutis,
1242 3261 1357 3332 dilecti
1369 3259 1432 3328 tilii
1456 3259 1524 3328 (to-

392 3369 501 3458 pitule
517 3369 692 3437 eorundem
708 3370 930 3440 Ecclesierum
946 3392 1005 3459 per
1027 3373 1113 3442 vium
1132 3370 1360 3460 compromissi
1384 3367 1428 3436 ecl
1444 3386 1526 3456 pro·

396 3479 557 3547 visionem
572 3478 716 3564 ipserum
736 3477 959 3572 Ecclesierum
983 3481 1181 3550 unanimiter
1204 3478 1433 3567 procedentes,
1449 3478 1525 3546 sce

396 3585 539 3672 phanum
555 3593 632 3652 tnnc
648 3585 861 3672 Capelianum
878 3595 1022 3657 nostrum
1046 3598 1079 3657 et
1104 3589 1340 3659 Posouieusem
1364 3583 1524 3674 Proposi-

394 3703 473 3776 tum,
487 3695 632 3762 Bononio
641 3695 822 3763 litterarum
834 3696 943 3766 studio
958 3697 1173 3779 insistentem,
1190 3698 1224 3762 in
1239 3697 1384 3784 ipserum
1401 3695 1520 3762 Eccle-

398 3801 521 3868 sinrum
537 3801 828 3890 Archiepiscopum
853 3811 887 3872 et
913 3810 1081 3891 pastorem
1110 3807 1315 3874 concorditer
1339 3803 1526 3887 elegerunt.

398 3908 488 3976 Licet
503 3917 622 3992 cutem,
639 3915 830 3995 presentato
846 3911 940 3980 nohis
966 3912 1097 3980 decreto
1122 3912 1298 3980 electionis
1322 3907 1520 3993 huiusmodi,

399 4017 575 4100 procedere
589 4017 833 4088 intenderemus
857 4020 899 4088 ed
924 4022 1200 4092 examinationem
1227 4022 1342 4110 ipsius,
1370 4019 1452 4106 quis
1474 4025 1525 4086 tn

400 4143 473 4191 men
490 4125 693 4210 quorundum
710 4128 947 4198 Oenonicorum
963 4131 1142 4200 earundem
1153 4131 1378 4200 Ecclesisrum
1394 4129 1526 4197 litteras

401 4233 581 4320 recepimus
597 4235 812 4321 continentes,
829 4238 917 4320 quod
933 4245 1010 4306 unte
1025 4238 1221 4308 electionem
1246 4241 1360 4326 ipssun
1379 4237 1525 4323 quedem

400 4338 469 4404 alic
484 4341 517 4408 in
534 4341 657 4410 eisdem
673 4345 833 4414 Ecclesiis
849 4347 892 4414 de
907 4349 1063 4432 magistro
1082 4345 1258 4433 Demetrio,
1274 4346 1527 4416 Archidiuoouo

403 4445 443 4514 de
459 4452 544 4520 Bors
559 4448 592 4514 in
608 4450 759 4520 Ecclesia
780 4452 997 4539 strigoniensi
1021 4456 1194 4524 celebrate
1217 4453 1328 4524 lueret
1342 4453 1474 4540 electio,
1491 4455 1525 4522 im

404 4554 494 4620 cuius
510 4559 656 4626 incudem
673 4565 706 4626 et
721 4561 933 4648 preludicium
949 4565 1161 4650 postmodum
1177 4565 1221 4632 sd
1242 4565 1423 4634 senonum
1439 4564 1525 4631 elee-

404 4659 523 4728 tiouem
540 4663 581 4730 de
597 4667 667 4749 ipsc
683 4669 851 4755 Stephano
868 4670 974 4740 extitit
994 4671 1036 4742 de
1052 4672 1141 4742 fecto
1165 4674 1274 4759 primu
1298 4693 1363 4742 non
1389 4679 1527 4748 muse
