3250 5268
596 282 754 382 „Q

15 507 17 546 2
99 499 308 568 processum,
327 501 386 552 nos
402 481 549 551 volentes
576 485 610 551 in
635 481 699 552 hiis
715 501 786 549 cum
812 477 924 547 debita
949 481 1138 550 maturitate
1164 499 1235 570 pru·

103 589 240 678 cedere,
257 599 292 658 ut
309 588 496 660 exanimata
510 593 660 674 veritate,
678 587 851 672 unicuique
875 587 927 657 ius
942 607 1035 656 sunm
1051 595 1236 658 servaretur

103 697 251 782 illesum,
267 697 388 768 festum
412 697 507 768 Beati
522 696 675 768 Nicbolai
691 695 838 786 proximo
856 697 1046 786 preteritum
1062 699 1234 768 terminum

109 807 369 894 peremptorium
386 807 538 876 duximus
555 801 788 894 prefigendnm,
806 815 842 874 ut
858 805 1049 892 quicumque
1065 805 1166 874 vellet
1180 805 1236 874 bu-

105 913 253 983 insrnodi
269 915 408 1003 primam
426 915 617 986 eiectionem
634 911 822 1000 defendere,
839 915 890 984 rei
905 915 1006 983 aliam
1030 916 1233 1004 impugnare,

105 1033 317 1111 compareret
333 1045 392 1111 per
408 1047 444 1095 se
459 1029 513 1094 rel
529 1047 588 1114 per
602 1029 828 1112 procuratores
839 1025 990 1112 ydoneos
1002 1041 1111 1092 coram
1126 1023 1232 1093 uobis.

107 1134 258 1218 Cumque
274 1135 421 1220 predicto
438 1133 552 1221 elapso
569 1133 707 1200 termino
724 1131 832 1201 utullus
850 1151 886 1200 se
905 1137 1018 1200 nostro
1043 1133 1233 1219 conspectui

105 1247 346 1326 presentasset,
364 1245 420 1327 qui
434 1243 488 1310 rel
505 1243 696 1312 electionem
705 1293 715 1329 ,
732 1261 795 1327 que
821 1241 990 1310 dicebatur
1015 1239 1067 1308 rei
1095 1237 1233 1308 forsitan

107 1351 300 1437 lingebatur
314 1351 404 1419 iacta
421 1352 461 1419 de
478 1347 567 1420 dicto
590 1351 770 1436 Demetrio,
797 1355 1056 1440 prosequeretur,
1081 1351 1134 1418 sel
1157 1349 1231 1418 reli·

105 1479 207 1542 onam
224 1459 445 1546 impugnaret,
462 1479 521 1530 nos
538 1460 730 1528 electionem
751 1457 792 1526 dc
808 1459 879 1548 ipso
904 1459 1082 1544 Stephano,
1100 1462 1136 1524 ut
1160 1477 1231 1545 pre·

103 1571 255 1654 mittitur,
272 1565 394 1636 laetam
412 1567 671 1638 examinavimus
690 1569 872 1655 diligenter,
883 1567 1062 1636 ‘ettandem
1078 1563 1154 1635 dum
1170 1584 1232 1638 nos

105 1681 148 1747 od
166 1698 307 1766 persone
322 1677 438 1745 merita
453 1677 658 1761 referremus,
676 1675 949 1745 considerationis
974 1681 1087 1742 nostre
1109 1673 1230 1744 sollici·

105 1787 223 1856 tudine
239 1783 345 1855 fidelis
361 1787 519 1854 memoria
534 1785 660 1868 obtulit,
677 1783 816 1870 qualiter
837 1781 923 1852 idem
949 1779 1068 1851 dudum
1084 1789 1231 1870 tempore

105 1897 215 1964 t'clicis
232 1891 470 1964 recordationis
484 1891 610 1961 Urbani
625 1895 725 1980 Papo,
743 1891 990 1980 predecessoris
1004 1892 1109 1961 nostri
1134 1911 1155 1958 a
1170 1891 1230 1960 Za·

104 2003 296 2092 gabulensis
308 2002 457 2072 Ecclesie
472 2007 549 2070 tuuc
564 2001 712 2071 vacantis
727 2001 880 2090 Gepitolo
896 1999 1091 2088 postulatos,
1108 2001 1229 2068 exami-

106 2113 252 2181 nationis
268 2111 503 2181 discussionem
519 2111 659 2180 sollicite
680 2111 798 2192 subiit,
825 2117 858 2178 et
881 2109 959 2178 licet
982 2109 1017 2176 in
1045 2107 1229 2178 huiusmodi

105 2221 258 2289 examine
281 2219 315 2287 in
330 2219 501 2290 literatura
517 2220 615 2289 luerit
634 2221 784 2288 inventus
810 2227 843 2286 et
868 2216 1045 2287 crtinratas
1070 2215 1226 2304 ydoneus,

107 2329 342 2397 nichilominus
355 2327 562 2416 postmodum
578 2327 686 2399 studio
702 2348 827 2398 morsm
842 2327 989 2396 Bononia
1015 2333 1133 2396 extunc
1148 2347 1228 2396 cun·

109 2438 273 2508 tinnando
288 2439 429 2525 vacarit,
446 2445 579 2526 propter
594 2439 681 2523 quod
696 2457 762 2506 non
776 2437 912 2524 indigne
926 2436 1153 2524 presumimus,
1169 2435 1229 2504 sed

104 2555 138 2615 et
152 2545 377 2617 verisimiliter
391 2546 552 2616 credimus
568 2567 610 2614 ex
624 2547 709 2615 tanti
725 2563 882 2615 successu
897 2545 1054 2633 temporis
1067 2545 1101 2614 in
1127 2545 1227 2614 studii

106 2657 218 2725 labore
234 2657 408 2740 transacti,
426 2675 489 2724 uon
509 2657 543 2724 in
569 2655 626 2726 otii
651 2664 785 2744 torpore
810 2655 962 2744 deducti,
988 2655 1059 2724 eins
1085 2653 1227 2723 scientie

106 2767 280 2854 plurimum
306 2765 501 2836 accrevisse.
533 2765 619 2834 Illud
651 2767 751 2834 etiam
776 2766 820 2836 dc
844 2773 956 2835 nostra
979 2765 1226 2835 memoriaenon

105 2873 253 2946 abolevit
269 2875 403 2962 oblivio,
420 2875 503 2960 quod
529 2876 608 2946 licet
632 2873 848 2963 predecessor
872 2874 945 2962 ipse
969 2875 1226 2962 postulationem

104 2983 292 3056 huiusmodi
307 2989 443 3072 propter
457 2983 620 3054 deiectum
637 2983 807 3055 dumtaxat
823 2983 920 3052 etatis
935 2985 1039 3071 ipsius
1065 2983 1227 3072 Stephani

103 3118 165 3164 non
185 3095 318 3163 duxerit
327 3091 573 3180 admittendam,
583 3093 671 3162 idem
686 3099 796 3162 tamen
813 3095 1027 3181 predecessor
1041 3091 1224 3177 attendens,

104 3203 191 3288 qnod
208 3203 294 3270 idem
312 3199 516 3270 nobilitatem
532 3201 664 3287 generis
688 3222 811 3270 morum
837 3201 1008 3271 honestate
1032 3202 1221 3287 nobilitans,

104 3319 137 3380 ct
153 3317 277 3380 etatem
299 3311 446 3396 ipsorum
468 3313 658 3378 maturitate
684 3311 893 3397 preveniens,
919 3311 1084 3379 defectum
1108 3309 1223 3379 huius·

102 3421 191 3488 modi
216 3419 391 3488 virtutibus
415 3418 615 3504 redimebat,
642 3419 833 3507 Apostolica
851 3439 922 3488 enm
948 3419 1060 3488 eodem
1085 3420 1223 3488 auctori·

102 3535 171 3598 tate
188 3527 400 3616 dispensans,
418 3527 579 3596 concessit
595 3527 710 3612 eidem,
727 3535 763 3596 ut
779 3529 825 3597 ad
840 3529 1088 3617 Episcopalem,
1109 3529 1223 3598 Archi·

102 3637 328 3726 episcopalem
345 3643 378 3704 et
400 3656 625 3722 quamcunque
650 3637 748 3703 aliam
776 3643 889 3723 posset
913 3638 992 3725 eligi
1017 3637 1221 3725 dignitatem,

104 3766 244 3831 cumque
260 3745 437 3833 eligibilem
455 3745 496 3812 de
511 3746 717 3832 plenitudine
733 3746 908 3833 potestatis
923 3746 1076 3834 reddidit,
1092 3745 1222 3818 deiectu

103 3855 344 3922 nonobstante
372 3853 531 3939 predicto.
557 3855 822 3940 sequanorum
848 3852 964 3926 codem
988 3861 1224 3944 predecessore

103 3972 208 4032 morte
229 3969 388 4050 presente
412 3963 522 4032 littere
547 3981 647 4052 snper
669 3964 851 4034 huiusmodi
876 3964 1123 4053 dispensatione
1147 3987 1220 4037 eon-

103 4071 190 4140 lecte
207 4073 332 4139 bullata
352 4092 416 4140 non
441 4073 570 4153 fuerint,
585 4091 646 4141 nos
662 4079 781 4158 tamen,
807 4079 902 4160 prout
917 4071 1058 4142 Domino
1083 4077 1220 4164 placuit,

106 4181 312 4268 postmodum
338 4180 383 4247 ad
406 4182 535 4268 apicem
561 4183 677 4249 summi
701 4169 913 4269 Apostoiatus
938 4185 1106 4272 assumpti,
1133 4185 1220 4272 qnod

105 4289 214 4356 taliter
228 4311 287 4376 per
307 4291 571 4376 predecessorem
596 4293 702 4380 ipsum
727 4294 816 4361 circa
840 4293 1120 4380 dispensationem
1144 4315 1221 4364 ean·

107 4397 178 4466 dem
195 4395 317 4466 iactum
334 4399 451 4488 luerat,
470 4397 511 4469 de
527 4421 590 4488 quo
609 4401 703 4470 nobis
729 4401 883 4488 constitit,
910 4403 1131 4488 approbantes
1155 4407 1221 4493 ipsi

109 4506 275 4597 Stephano
291 4509 465 4594 superbos
481 4513 606 4580 litteras
630 4511 840 4597 Apostolicas
865 4510 1016 4580 duximus
1041 4515 1218 4584 conceden-

115 4616 181 4684 das.
197 4615 266 4685 llec
282 4615 381 4704 igitur
395 4619 534 4704 provide
551 4621 765 4706 attendentes,
783 4625 815 4688 et
831 4627 1012 4708 sperantes,
1029 4621 1115 4706 quod
1130 4624 1217 4694 idom
