3230 5268
862 336 1018 439 ΕΞ..

378 555 486 604 rorum
501 535 718 621 predictorum
736 536 842 604 eidem
858 535 990 603 Matheo
1009 535 1174 604 eurilubro
1191 533 1366 619 sexaginte
1376 531 1500 616 J'ngers

378 649 538 712 terrorum
563 644 659 712 simul
685 663 757 710 cnm
772 643 855 712 locis
872 643 1039 712 vinearum
1056 649 1089 710 et
1104 642 1288 710 sessionum
1305 640 1436 708 nomine
1446 640 1500 726 ju·

376 750 422 820 ris
433 752 618 844 Solomonis
629 753 780 839 superius
790 753 960 820 memorati
969 753 1097 822 nemine
1107 751 1373 835 contradicente5
1390 755 1498 815 osten·

377 859 530 930 dentibus
554 859 679 929 eisdem
705 861 871 930 nobilibus
898 869 931 928 et
955 863 1033 948 elijs
1058 859 1189 949 populis
1210 862 1253 929 dc
1268 861 1447 944 Zerberyn‚
1464 863 1499 924 et

377 970 686 1057 essumpmcutibus,
702 972 790 1055 quod
807 972 837 1040 si
853 973 1013 1058 quidplus
1025 972 1068 1039 de
1083 980 1171 1039 terre
1186 971 1375 1055 porcionem
1392 968 1496 1053 ipsius

376 1077 562 1148 Salomonis
579 1080 785 1162 contingente
801 1078 1011 1165 imposterum
1027 1079 1113 1148 scire
1136 1085 1282 1164 possent,
1300 1076 1335 1144 id
1361 1075 1494 1143 Matheo

376 1192 559 1254 statuerent
573 1186 770 1274 supradicto,
786 1196 882 1274 prout
897 1190 932 1258 in
944 1189 1062 1258 litteris
1077 1187 1294 1274 predictorum
1322 1186 1497 1252 crucifero·

375 1312 445 1361 rum
469 1296 512 1364 (le
538 1295 624 1364 Albe
647 1297 789 1364 vidimus
815 1298 983 1364 contineri.
1011 1297 1167 1364 Volentes
1192 1295 1312 1384 qnippe
1331 1293 1496 1381 prefatum

374 1399 540 1471 blstheum
557 1402 757 1470 aurifabrum
771 1411 918 1478 nostrum
934 1411 968 1470 ct
978 1425 1055 1471 snos
1065 1403 1203 1472 heredes
1215 1403 1354 1472 condem
1371 1409 1495 1468 terrem

374 1510 560 1580 Solomonis
585 1531 659 1580 cum
683 1511 832 1580 omuibus
857 1513 1063 1595 utilitatibus,
1085 1513 1216 1600 juribus
1232 1517 1266 1578 ct
1280 1510 1495 1598 pertinenciis

374 1619 452 1704 suis,
470 1619 587 1704 quibus
603 1618 689 1686 idom
706 1621 862 1690 Salomon
873 1622 949 1707 jure
964 1621 1166 1690 hereditario
1183 1622 1365 1690 dinoscitur
1380 1637 1496 1708 poses-

374 1725 475 1812 disse,
491 1735 651 1814 perpetuo
669 1734 702 1796 et
718 1728 977 1798 irreuoccbiliter
992 1729 1171 1816 possidere,
1187 1735 1356 1815 presentes
1376 1729 1452 1813 sibi,
1464 1737 1496 1796 et

372 1853 431 1920 per
457 1855 530 1904 oum
555 1835 625 1904 sois
640 1837 815 1906 heredibus
840 1839 1061 1907 concessimus
1078 1840 1205 1906 litteras
1222 1839 1362 1927 duplicis
1389 1837 1496 1922 sigilli

371 1943 474 2012 nostri
489 1945 666 2013 munimine
683 1946 863 2014 roboratas.
880 1947 1002 2016 Datum
1017 1968 1077 2035 per
1093 1967 1209 2018 munus
1226 1947 1379 2032 magistri
1388 1948 1493 2014 Beue·

372 2049 451 2118 dicti
477 2051 670 2122 Orodieneis
697 2054 870 2142 Prepesiti‚
896 2055 971 2126 sule
991 2063 1102 2124 nostre
1117 2057 1430 2141 Vico-Oenccllerij‚
1447 2054 1494 2120 di·

370 2158 448 2228 lccti
464 2168 497 2226 et
511 2159 618 2228 tidelis
634 2162 746 2228 nostri.
763 2164 858 2230 Anno
884 2165 927 2230 eb
952 2165 1191 2234 Incerneeione
1217 2165 1350 2234 Domini
1366 2159 1412 2230 ll·
1428 2162 1494 2232 OG·

370 2269 622 2356 septuagesimo,
638 2269 744 2356 Regni
759 2280 867 2340 sutem
882 2273 983 2360 nostri
999 2294 1087 2344 nnnc
1102 2274 1216 2361 primo.

369 2495 462 2571 (Euen
481 2500 718 2576 jogtbrte'netileg
731 2503 799 2574 igeu
812 2501 934 2562 erdelres
948 2503 1075 2578 okmrlny
1088 2506 1216 2563 eredetie
1231 2505 1366 2564 brintetik
1379 2523 1398 2562 e
1412 2524 1491 2564 sess·

691 2594 775 2666 primi
789 2593 930 2668 lroptslsn
944 2593 1169 2668 leveltbrtbso.)
