3250 5268
828 331 986 448 „¹3⁶-

346 531 438 612 took,
455 533 490 598 aa
506 531 628 616 meiyet
644 527 700 597 IV.
717 529 798 600 Bata
813 530 924 618 kirtly
949 528 1151 620 megerttsit.)
1177 533 1296 600 Datum
1313 553 1375 620 per
1397 551 1469 600 ma-

344 655 407 706 nns
422 639 572 723 magistri
588 637 740 725 Forensij
755 639 920 726 Propositi
936 637 1101 724 Albensis,
1127 640 1204 708 anie
1227 647 1338 709 nostra
1364 641 1471 708 Vice-

345 747 547 816 Oanoeilarii
563 745 674 816 dilecti
689 755 723 815 et
740 745 848 816 tidelis
864 747 976 834 nostri,
1004 767 1089 815 anno
1106 748 1237 816 Domini
1253 747 1305 816 w
1319 748 1389 818 00⁰
1415 767 1469 816 se·

344 853 526 942 nogesimo,
541 853 646 942 Regni
661 861 770 924 antem
786 855 890 926 nostri
906 873 995 924 anno
1010 855 1197 926 tricessimo
1212 855 1367 927 seeundo.

410 1070 466 1142 (ss
477 1069 587 1128 aretati
599 1067 679 1144 atta,
693 1069 826 1145 molynelr
837 1070 927 1144 tuggo
940 1071 1057 1145 paesete
1067 1069 1129 1129 mtr
1142 1069 1282 1130 temttott.
1304 1069 1403 1142 ctam)

798 1364 849 1372 ..n-a

865 1965 944 2032 1⁰2.

345 2161 407 2230 rr.
425 2161 507 2230 nata
524 2163 629 2250 raaia
646 2166 677 2230 a
701 2163 976 2252 taratayasaaaa
1001 2163 1199 2250 eatataaa,
1223 2163 1471 2252 maynarap-

346 2273 436 2357 tiaza,
460 2273 569 2344 Vciraa
584 2273 616 2338 es
630 2271 748 2340 Zaolaa
771 2273 920 2338 traaoat'm‘
934 2271 1052 2358 fhldelt
1077 2295 1098 2337 a
1116 2273 1214 2370 perlae
1237 2273 1350 2340 istrata
1374 2274 1474 2338 Pa'ter

312 2419 319 2434 ·
343 2381 430 2447 hosti
437 2377 652 2470 fb'iopa‘oaale,
668 2381 871 2448 tettee'roioak
885 2383 917 2447 eo
932 2382 1031 2448 Detre
1054 2383 1150 2469 tepea
1165 2379 1296 2468 fiaiaak
1310 2380 1470 2448 temerast-

807 2489 1002 2576 oae9.1267.

450 2686 533 2755 Belo
548 2685 611 2754 Dei
627 2685 742 2769 gracia
756 2685 948 2771 Brugetia,
974 2685 1146 2754 Daimaeie
1154 2735 1164 2771 ,
1181 2684 1319 2755 Oroatia
1328 2735 1338 2770 ,
1353 2687 1468 2768 Rama,

346 2796 479 2878 Seruio,
496 2793 645 2878 Gallicis,
663 2792 865 2874 Lodomerie,
887 2795 1106 2880 (inmaniaque
1130 2793 1202 2861 Rex
1226 2795 1375 2862 omnibns
1391 2815 1467 2881 pre-

344 2921 420 2972 sens
436 2901 590 2990 seriptum
607 2903 804 2988 inspecturis
819 2905 959 2971 salntem
974 2903 1008 2970 in
1035 2901 1178 2970 omnium
1203 2903 1385 2972 Saloatore.
1412 2901 1466 2970 Ad

344 3011 567 3080 uniuersorum
582 3019 647 3080 tam
665 3013 869 3098 presencium
894 3032 993 3100 qnam
1018 3012 1196 3080 futororum
1222 3012 1379 3080 notitiam
1405 3011 1463 3081 ha-

344 3141 416 3188 rum
431 3123 517 3189 serie
534 3120 683 3186 volamus
708 3122 897 3206 peruenire,
925 3122 1015 3208 qnod
1040 3141 1112 3189 onm
1137 3121 1295 3206 magister
1318 3121 1468 3188 Jacobns

344 3229 461 3296 (tomes
476 3225 756 3316 Trinohyniensis,
774 3231 931 3313 magister
946 3231 1069 3298 Paulus
1088 3227 1208 3296 ensiier
1223 3235 1342 3314 nostor,
1358 3237 1391 3296 et
1407 3229 1468 3295 Mi·

346 3335 440 3403 ohael
456 3335 557 3404 irater
572 3334 757 3413 eorundem,
774 3335 833 3423 filij
850 3333 1010 3423 quondam
1036 3335 1183 3423 magistri
1206 3335 1390 3422 Michaelis,
1407 3337 1468 3404 Pe·

345 3451 429 3513 trom
449 3444 607 3516 (tomitem
631 3445 826 3512 ttuntensem
851 3449 885 3514 et
908 3443 1027 3512 iratres
1054 3443 1220 3531 eiusdem,
1243 3444 1397 3514 videlieet
1423 3443 1466 3512 0-

343 3553 462 3622 thonoh
478 3559 510 3620 et
526 3552 661 3640 Mykon,
677 3549 762 3618 filios
778 3550 914 3620 Comitis
937 3551 1072 3639 Mykon,
1086 3571 1149 3619 neo
1173 3570 1237 3618 non
1262 3551 1365 3619 eciam
1381 3549 1469 3616 filios

341 3661 467 3730 Detriai
497 3660 650 3746 comitis,
682 3679 782 3747 super
814 3659 1095 3746 prossersionibns
1129 3678 1187 3730 sen
1222 3659 1318 3726 terris
1343 3657 1466 3745 'sopin-

345 3769 417 3853 oha,
443 3771 568 3840 Warna
594 3777 627 3838 ot
650 3770 753 3856 Sylna
769 3769 897 3836 uooatis
914 3770 946 3834 in
962 3768 1124 3836 comitato
1139 3765 1382 3836 Trinehiniensi
1399 3769 1468 3834 exi·

343 3881 514 3964 stantibus,
531 3899 639 3948 eoram
655 3879 751 3948 nobis
768 3878 947 3946 traxissent
962 3877 997 3942 in
1013 3895 1158 3962 oausam,
1185 3885 1218 3944 et
1233 3877 1334 3963 ijdem
1359 3877 1463 3961 magi·

345 3995 412 4056 ster
426 3985 572 4058 iocatus
587 4008 628 4058 aa
644 3987 761 4056 iratres
778 3985 838 4070 sni,
853 3986 945 4072 ipsas
961 3992 1066 4056 terras
1086 4003 1145 4052 sen
1169 3985 1399 4072 possessiones
1423 4004 1466 4051 ex

343 4095 525 4166 donatione
542 4100 575 4163 et
599 4093 772 4182 priuilegio
797 4094 903 4166 ieliois
930 4093 1172 4163 reeordationis
1197 4093 1328 4163 Andrea
1353 4095 1466 4180 Regis,

344 4203 513 4276 karissimi
529 4205 633 4291 patris
649 4203 765 4289 nostri,
783 4202 828 4271 ad
843 4221 882 4273 so
897 4208 1083 4270 assererent
1098 4203 1274 4289 pertinere,
1290 4203 1370 4271 dioti
1385 4221 1466 4269 nero

343 4314 460 4382 Petrus
477 4314 595 4384 Comes
612 4331 654 4382 ae
669 4315 788 4380 tratres
805 4309 855 4378 sni
870 4311 1003 4380 amdam
1018 4310 1246 4398 possessiones
1261 4311 1326 4380 sibi
1340 4312 1374 4380 in
1391 4331 1468 4380 oon·

345 4419 505 4490 eambinm
536 4440 597 4492 san
627 4423 905 4490 oonnrntaoionem
928 4417 1176 4506 possessionum
1195 4437 1338 4505 enarum,
1365 4423 1468 4489 Arwa

344 4529 502 4600 uitatioat
517 4549 589 4608 anm
607 4534 714 4596 oestro
738 4530 860 4598 ibidem
885 4527 1055 4603 existento,
1078 4523 1297 4616 weronam
1323 4527 1466 4615 Lyptoo,

344 4635 541 4736 tnrbnaton,
559 4640 659 4721 Bene,
676 4635 910 4718 Mathnaturoh,
929 4641 961 4702 et
977 4632 1133 4730 Tornook
1149 4631 1184 4701 in
1200 4635 1340 4728 Tarson,
1355 4655 1465 4722 'noea-
