3270 5280
1 1521 2 1530 ἵ
123 1439 771 1528 Istodoprenestet’biborookptlspbkmint
781 1438 1260 1530 colmewltbirfflbkascprom'

364 1550 582 1636 copercstscpre
596 1549 771 1616 occatlcozo
784 1548 898 1616 iteletc.
923 1550 1020 1618 1263.

240 1729 278 1794 In
294 1728 427 1796 nomine
445 1727 580 1797 Domini
594 1729 709 1796 Amen.
728 1726 810 1796 Orte
826 1727 949 1797 dudum
966 1729 1053 1799 inter
1068 1730 1260 1816 magistrum

128 1835 287 1903 Irenenm
313 1835 518 1905 canonicum
544 1836 750 1904 Jeurienscm
768 1843 810 1904 ex
826 1857 894 1905 une
917 1845 1022 1924 purte,
1039 1844 1073 1908 et
1089 1839 1262 1906 venerabi·
1292 1833 1294 1836 ’

128 1947 196 2010 lem
214 1951 346 2028 putrem
362 1943 527 2012 dominum
554 1945 754 2030 Episcopum
780 1945 990 2014 Jeuriensem
1014 1966 1055 2014 ec
1072 1947 1262 2038 magistrum

131 2051 270 2120 Petrum
294 2053 498 2122 canonicum
523 2052 742 2140 lauriensem,
768 2061 921 2141 nepotem
952 2062 986 2123 et
1016 2063 1262 2142 procuratorem

130 2163 242 2248 ipsius
260 2162 419 2250 Episcopi
435 2182 477 2230 ex
492 2164 609 2249 ultera,
635 2183 734 2250 snper
750 2162 1032 2232 Archidlsconetu
1048 2164 1265 2252 supruniensi

132 2277 166 2336 et
181 2271 365 2338 occasione
379 2271 495 2357 ipsius,
512 2291 610 2357 quem
635 2271 723 2341 idem
749 2272 906 2358 mugister
931 2276 1066 2342 Ireueus
1081 2273 1146 2342 sibi
1163 2273 1265 2342 collu-

1 2381 2 2476 ι
129 2385 201 2446 tum
238 2380 437 2446 auowritcte
469 2381 665 2466 Apostolice
697 2400 756 2468 per
786 2381 1009 2449 venerabilem
1041 2387 1196 2469 putrem.
1222 2429 1265 2448 ..

1 2483 2 2486 ’
133 2486 430 2574 Archiepiscopum
460 2487 677 2558 colocensem
709 2491 868 2558 canonice
899 2492 1096 2577 asserebat,
1130 2493 1268 2560 muteris

134 2595 333 2682 questionis,
360 2604 394 2664 et
419 2615 461 2664 eu
484 2616 543 2682 per
567 2596 827 2684 appellationem
844 2599 888 2666 ed
905 2597 1025 2668 Sedem
1040 2598 1267 2687 Apostolicem
1350 2635 1353 2640 ·

3 2759 4 2764 ,
136 2707 312 2793 devoluta,
330 2713 493 2776 eteorum
518 2705 698 2778 reverendo
719 2715 814 2795 petre
831 2708 965 2777 dominc
983 2709 1022 2777 G.
1039 2710 1152 2778 Sancti
1167 2708 1269 2778 Geor-

4 2877 5 2912 ,
137 2816 184 2899 gii
200 2817 250 2886 sd
274 2808 392 2884 Velum
417 2801 562 2884 Aureum
588 2816 740 2883 Discono
765 2815 934 2884 Gurdinuli
946 2867 956 2903 ,
982 2839 1003 2884 e
1029 2817 1158 2886 domiuo
1175 2818 1270 2903 Psps

137 2921 219 3024 detp
238 2926 391 3010 pertibus
419 2925 576 2992 Auditore
586 2973 595 3008 ,
620 2923 745 2991 libellis
760 2924 838 2991 binc
853 2924 931 2992 inde
956 2926 1127 3013 porrectis,
1144 2925 1272 3012 placuit

6 3059 7 3066 ¹
138 3033 304 3119 pertibus,
321 3034 412 3119 quod
435 3053 495 3102 nos
521 3031 713 3119 Stephanus
738 3034 950 3102 miseratione
966 3033 1089 3102 Divino
1106 3034 1271 3102 Penestri-

7 3197 8 3208 ,
139 3161 203 3209 nus
218 3143 408 3228 Episcopus
424 3143 509 3211 inter
523 3147 582 3210 ecs
600 3161 795 3228 componere
810 3142 1015 3212 deberemus.
1026 3143 1029 3150 '
1040 3141 1136 3224 Quod
1151 3149 1187 3211 ut
1203 3142 1271 3211 effi-

7 3231 9 3286 l
142 3253 258 3320 cecius
273 3251 377 3339 lieret,
395 3244 596 3321 obtinuimus
620 3253 807 3337 specialiter
828 3272 926 3339 super
941 3254 1005 3322 hoc
1020 3275 1042 3322 s
1058 3253 1274 3322 sanctissimo

143 3369 240 3444 petre
256 3361 391 3428 domino
417 3367 529 3428 nostro
553 3356 719 3448 U(rbeno)
744 3361 838 3447 Pupe
862 3361 918 3428 IV.
936 3361 1011 3430 vire
1032 3361 1125 3430 vocis
1141 3359 1274 3428 oraculo

11 3533 12 3536 ,
144 3471 281 3554 plenem
297 3472 526 3537 austeritatem
543 3476 577 3536 et
592 3469 731 3538 liberem
746 3476 958 3558 potestatem.
984 3469 1146 3537 Predictis
1161 3471 1275 3553 itaque

145 3581 263 3646 Ireneo
290 3583 324 3644 et
347 3578 445 3645 Petro
469 3578 502 3644 in
527 3583 642 3646 nostre
668 3579 838 3665 presentie
863 3576 1061 3663 constitutis,
1092 3583 1124 3644 et
1158 3575 1276 3646 ecdem

12 3699 13 3731 ὲ
146 3687 246 3756 Petro
262 3687 389 3755 litteras
406 3686 526 3773 prelati
551 3687 674 3754 domini
699 3687 859 3772 Episcopi
883 3686 1067 3754 Jsuriensis
1092 3703 1216 3769 suoque
1233 3683 1276 3753 si·

148 3795 231 3879 gillo
244 3795 396 3880 signatus
413 3795 447 3860 in
458 3793 588 3880 judicio
613 3791 801 3878 exhibente,
828 3795 861 3860 in
878 3789 996 3876 quibus
1012 3791 1098 3858 inter
1117 3791 1188 3859 eliu
1202 3795 1278 3860 cont

15 3929 16 3940 ι
149 3901 283 3990 tinctur,
300 3903 391 3990 quod
417 3905 451 3970 in
470 3903 655 3987 questione.
674 3901 863 3988 hujusmodi
888 3900 996 3967 dictus
1020 3899 1207 3986 Episcopus
1222 3897 1278 3965 ‹lc-

151 4012 260 4081 cidem
276 4013 376 4080 Petro
388 4011 604 4098 transigendi,
624 4009 844 4095 componendi
860 4015 893 4074 et
909 4007 1192 4094 compromittcndi
1207 4025 1280 4092 spe·

153 4119 238 4189 ciale
253 4119 446 4187 mundatum
462 4125 495 4187 et
511 4119 650 4187 liberum
666 4122 876 4202 potestatem,
892 4124 988 4203 prout
1003 4115 1036 4181 in
1053 4116 1135 4202 ipsis
1150 4115 1280 4202 plenius

154 4229 348 4298 continetur.
381 4229 473 4296 Idem
497 4227 616 4314 Petrus
632 4233 700 4294 tem
717 4244 777 4312 pro
792 4225 926 4312 seipso,
943 4244 1042 4310 quam
1056 4224 1187 4290 nomine
1203 4220 1282 4290 dicti

107 4321 115 4338 ⁸
153 4335 303 4404 menduti
317 4336 485 4423 spectatis,
503 4335 590 4420 quod
604 4353 704 4420 super
720 4333 782 4400 hoc
800 4330 956 4418 babebat,
975 4352 1017 4399 ex
1033 4335 1230 4417 pertenue,
1248 4335 1282 4396 et

154 4442 262 4513 dictus
278 4429 437 4528 ms'gister
461 4435 599 4511 Ireneus
627 4461 688 4527 pro
715 4459 751 4508 se
776 4441 907 4528 ipsoex
924 4439 1042 4524 altere,
1059 4456 1157 4526 super
1172 4435 1283 4504 huius·

155 4554 243 4622 morli
259 4554 436 4640 questione
453 4558 581 4639 sponte,
597 4548 703 4618 libere
720 4568 760 4617 ac
775 4547 926 4616 obsolute
942 4548 1236 4634 compromiserunt
1250 4543 1284 4610 iu

163 4681 220 4730 nos
234 4664 298 4730 snb
315 4681 402 4749 pena
417 4659 641 4748 ¹ducentorum
665 4674 850 4726 marcorum
875 4655 1015 4743 argenti,
1032 4661 1129 4742 prout
1143 4656 1286 4745 apparet

212 4781 326 4830 ιιοιιιιιι
336 4768 639 4828 cernuus-snus
1047 4761 1069 4828 5
