3230 5268
601 385 765 489 *eeu-

125 583 334 652 eeueerdiem
363 584 605 652 reformandam
637 584 814 653 seeundum
843 584 965 654 lieitum
992 591 1026 653 et
1051 586 1238 672 honestum

121 693 332 778 Majertetem
348 692 499 760 Vestrum
515 691 670 760 attentius
686 691 886 778 inducentes,
906 699 1067 779 quatenus
1084 695 1128 766 ed
1142 693 1241 762 finem

123 799 271 869 debitum
295 806 386 870 iente
412 799 544 888 negetie
568 801 798 887 imponendum
813 802 909 872 vebis
925 823 947 871 u
961 804 1101 872 Domine
1117 800 1241 871 traditu

122 908 287 996 sapientia
302 909 474 994 festinetis,
491 908 719 994 eeeelereude,
735 907 822 994 qued
837 909 929 994 peeie
954 915 1116 979 treetetue
1140 910 1242 998 exigit

122 1022 157 1084 et
170 1015 317 1103 requirit,
328 1037 370 1085 ne
379 1037 470 1084 mora
484 1017 715 1103 pretrueiienie
730 1017 872 1086 eadatiu
882 1019 1054 1086 multerum
1063 1017 1240 1107 pernieiem

121 1128 313 1196 animarum.
330 1127 459 1213 Scituri,
475 1127 605 1195 domiue
615 1133 727 1195 ueetre
739 1129 822 1214 Regi
839 1129 882 1196 de
896 1148 980 1196 neue
996 1130 1038 1197 de
1053 1129 1174 1198 exteris
1189 1148 1239 1198 re·

57 1232 64 1244 ”
122 1235 274 1318 gieuibue
291 1236 466 1304 maximum
482 1233 657 1304 advenisse
671 1237 824 1323 populum
839 1243 1037 1307 armatorum
1051 1261 1058 1323 3
1074 1256 1135 1307 nee
1151 1241 1239 1304 erret

122 1345 194 1412 Dee
210 1343 368 1430 placitum
382 1345 502 1412 mutuis
517 1343 672 1412 eaedibur
686 1345 782 1440 litere
806 1345 992 1431 earguinem
1008 1346 1238 1434 subjeeterum.

124 1451 222 1530 Quod
237 1471 316 1519 vere
331 1459 410 1520 nete
426 1451 558 1539 dignum
573 1453 761 1540 reputantis,
780 1453 1137 1539 qualitervenerubilis,
1147 1459 1241 1540 puter

123 1560 1240 1652 dominusPh.trehiepiscopusStrigoniensirhujusmodipaeistra-

124 1669 228 1736 etatui
244 1688 309 1738 nen
326 1669 467 1757 affuerit,
482 1690 544 1739 nee
559 1689 619 1757 per
638 1672 751 1738 literae
768 1691 860 1738 suam
877 1671 1086 1742 intentionem
1102 1671 1242 1740 veluerit

123 1796 281 1862 reserere,
308 1778 363 1862 qui
387 1787 487 1847 antea
513 1779 598 1846 eirea
623 1783 796 1846 truetutum
823 1779 918 1867 pueis
949 1780 1122 1850 habendae
1152 1778 1241 1848 fideli

124 1886 232 1954 auimo
250 1892 282 1954 et
298 1887 418 1956 devote
434 1887 543 1956 studio
558 1887 740 1957 laboravit:
766 1908 826 1957 nee
843 1888 928 1958 euim
944 1908 1098 1975 regemus
1122 1887 1241 1958 affeetu

124 1990 221 2083 (igy),
238 1995 297 2062 sed
313 1995 418 2084 ipsius
433 1997 558 2065 laberis
573 1997 712 2064 intentio
728 1997 851 2064 nullum
865 1997 989 2072 invenit
1013 1997 1171 2066 effeetum.
1187 1999 1239 2066 In·

122 2104 236 2174 tererit
250 2111 362 2171 tumen
376 2102 517 2172 finaliter
533 2109 626 2171 tante
643 2104 774 2189 negotio
790 2106 1009 2192 reformando,
1036 2107 1064 2174 ei
1081 2107 1125 2175 ed
1148 2107 1237 2174 meli·

126 2233 183 2281 ere
198 2212 359 2284 Dominus
374 2213 520 2282 vicissim
536 2212 729 2301 produxerit
745 2220 779 2281 et
794 2215 956 2284 direxeret
973 2215 1076 2284 eeiem
1100 2216 1239 2286 Vertree

123 2321 250 2390 meutie.
368 2367 371 2372 -

510 2514 651 2591 (Puleeky
663 2533 690 2572 u.
704 2533 730 2573 e.
744 2516 805 2573 270.
819 2513 851 2589 L)

547 2806 812 2828 m-

122 3559 151 3628 A
166 3561 257 3651 qyin'
273 3563 427 3648 repentae
442 3561 714 3650 bizonyreyeeele,
740 3561 822 3651 lreyy
836 3561 951 3648 apulei
964 3572 1120 3626 monentur
1134 3559 1236 3648 Gyar-

236 3681 301 3735 τηατ
315 3672 396 3735 nevit
411 3669 547 3736 eieeoker
561 3669 693 3738 Senator
707 3671 875 3739 memmei
890 3668 1006 3735 aledea.
1023 3668 1120 3738 1271.

226 3867 296 3937 Nes
321 3869 478 3952 magister
503 3867 677 3954 Ghepuuue
702 3865 891 3953 Prupeeitur
911 3870 944 3933 et
959 3864 1144 3952 Gepitulum
1158 3865 1236 3934 Juu-

121 3977 238 4046 rieuuis
254 3977 404 4046 lieeierie
420 3978 538 4044 damur
554 3997 614 4063 pre
628 3977 803 4045 memoria:
819 3974 914 4056 Quod
930 3973 1111 4042 eenetitutir
1127 3993 1235 4044 eurem

121 4085 216 4154 nobie
233 4105 274 4152 ex
289 4107 355 4152 rue
370 4091 462 4172 perte
477 4085 637 4172 magistre
653 4085 843 4155 Alexandro
859 4083 925 4153 filie
939 4083 1092 4152 Furereii
1101 4084 1142 4152 de
1151 4083 1234 4170 Puk,

121 4201 154 4262 et
169 4195 271 4262 irutre
286 4195 480 4263 Sebastiano
496 4197 666 4284 Prepesite
686 4196 727 4263 de
742 4196 814 4262 Puk
831 4215 903 4262 eum
928 4193 1031 4260 fratre
1054 4212 1113 4260 rue
1138 4192 1237 4262 Metire

119 4323 178 4390 pre
194 4321 230 4371 ee
246 4309 278 4368 et
294 4303 464 4372 Geuueutu
481 4323 550 4386 rue,
566 4303 653 4370 idem
672 4303 860 4390 Preperitue
876 4301 1085 4389 presentibus
1111 4297 1236 4368 Gemite

120 4409 186 4478 filie
203 4409 330 4498 Graan
347 4411 473 4478 Gemite
487 4410 637 4479 iohanne
653 4431 711 4498 pre
727 4431 765 4481 ee
779 4417 811 4479 et
826 4431 883 4497 pre
895 4409 1021 4480 Gemite
1031 4409 1118 4475 Dete
1134 4407 1237 4476 fratre

121 4538 190 4604 eue,
206 4522 283 4587 item
308 4519 465 4607 magistro
490 4519 619 4586 Thema
644 4527 676 4586 ct
703 4518 829 4587 Gemite
848 4519 944 4586 Luke
959 4536 999 4583 ue
1014 4515 1152 4586 Nieeluo
1167 4515 1236 4586 filie
1325 4587 1328 4592 ,

120 4629 252 4696 Muttini
266 4648 326 4715 pre
349 4649 386 4698 re
410 4636 442 4698 et
457 4649 515 4715 pre
531 4629 679 4697 omuibus
694 4627 844 4714 eoguntie
860 4627 940 4710 uuir,
955 4627 1105 4712 petronis
1121 4645 1229 4694 mone

118 4739 209 4806 eterii
225 4739 285 4824 eui,
303 4745 353 4806 eut
369 4738 552 4826 conferens,
574 4737 658 4822 qued
673 4737 920 4830 possessiouem
933 4734 1115 4824 Gyermeth
1139 4755 1237 4803 voee-
