3230 5268
640 933 718 1002 140.

286 1129 439 1219 Uyyoaoa
453 1131 639 1219 appendice
653 1129 783 1198 lusonlo
796 1133 961 1222 tdrpyban.
982 1135 1081 1203 1270.

225 1327 381 1397 Gaudere
403 1349 465 1398 nos
490 1335 638 1418 oportet,
671 1331 896 1418 multiplicatis
921 1333 1017 1402 uobis
1048 1333 1242 1417 gaudiorum

120 1437 260 1522 solatiis,
277 1438 393 1521 quibus
410 1439 525 1506 restris
540 1439 673 1524 scriptis
688 1447 801 1508 noster
819 1440 947 1508 animus
964 1443 1136 1510 excitatur.
1153 1441 1242 1510 Sem·

6 1539 8 1626 J
120 1563 180 1632 per
204 1547 292 1613 enim
317 1545 492 1632 diligimus,
519 1565 580 1614 nec
605 1546 795 1617 desinemus
811 1548 961 1635 diligere,
976 1555 1013 1616 ut
1027 1549 1143 1618 audita
1157 1552 1244 1618 sani·

120 1659 191 1721 tate
207 1661 319 1722 restra
335 1656 615 1740 quotienscunque
626 1657 688 1723 hoo
698 1656 809 1741 inerit,
821 1655 1018 1726 cordetenus
1028 1659 1242 1727 consolemur.

119 1761 186 1829 Sed
202 1781 280 1830 ecce
295 1765 443 1832 iortuuae
459 1765 656 1834 succedente
684 1765 830 1852 fastigio,
856 1785 921 1850 qua
944 1769 1102 1834 victorem
1127 1787 1243 1852 coguo-

121 1872 227 1940 vimus
244 1873 386 1941 existere
402 1873 606 1942 carissimum
623 1875 757 1943 fratrem
773 1882 919 1945 nostrum
935 1874 977 1942 de
996 1877 1065 1946 suis
1096 1895 1242 1964 persecu-

122 1982 266 2067 toribus,
291 1983 433 2068 amplios
460 1982 695 2069 multiplicatur
719 1984 815 2053 uobis
840 2005 905 2052 nou
930 1987 1090 2054 immerito
1104 1986 1243 2054 materia

122 2090 326 2176 gaudiorum.
343 2092 448 2180 Super
462 2112 529 2177 qua
543 2093 705 2159 relatione
720 2093 827 2177 nobis,
844 2099 950 2160 mater
965 2100 1000 2160 ct
1014 2094 1157 2179 domina,
1170 2113 1243 2181 gra·

121 2207 172 2267 tes
188 2200 283 2268 vobis
299 2200 470 2270 referimus
486 2200 688 2270 omnimodas
705 2223 746 2271 ex
763 2201 895 2272 affectu.

513 2395 695 2470 (romu.
708 2415 733 2454 ο.
746 2397 808 2456 aas
821 2397 854 2472 1.)

561 2695 813 2706 ———---———-

642 3259 715 3327 147.

126 3479 170 3544 11.
188 3479 313 3544 Otoleor
327 3478 394 3543 coelo
410 3476 517 3563 seroly
539 3475 576 3542 V.
592 3477 701 3540 Isinda
715 3497 848 3563 mopyar
871 3475 1048 3564 leirdlylyol
1072 3475 1244 3565 bskmspn

295 3587 381 3674 lipari
394 3585 526 3651 kdszaek
541 3581 746 3673 cyilotleoac'ls.
764 3585 860 3649 1270.
877 3583 1073 3652 Octoberben.

233 3785 366 3852 Amator
390 3783 494 3871 paeis,
519 3783 590 3852 Rex
615 3781 773 3867 pacificus
786 3789 823 3850 ‘et
838 3789 990 3852 aeternus
1007 3781 1092 3851 filios
1108 3788 1243 3851 sanctae

125 3893 242 3960 matris
265 3893 446 3977 Ecclesiae,
472 3911 554 3978 quos
578 3892 763 3977 redemptos
793 3891 936 3977 pretioso
952 3892 1162 3978 sanguinein
1177 3891 1245 3958 uui·

125 4010 193 4070 tate
216 4000 294 4070 fidei
319 4000 512 4071 catholicae
537 4001 687 4084 counivit,
713 3999 812 4067 etiam
836 4003 871 4067 iu
896 3998 1043 4067 caritatis
1069 3997 1243 4067 dilectione

127 4121 320 4195 mutuaeque
346 4111 439 4196 pacis
466 4109 695 4178 observatione
720 4108 879 4193 disposuit
909 4114 1008 4190 atque
1038 4107 1140 4174 voluit
1171 4125 1245 4175 esse

127 4240 233 4305 uuum,
250 4227 288 4286 ut
302 4217 515 4287 identitatem
541 4215 618 4286 fidei
643 4218 830 4302 idemptitas
858 4217 928 4284 sive
952 4217 1028 4283 unio
1052 4217 1245 4284 concordiae

128 4335 328 4414 sequeretur,
344 4334 377 4396 ot
393 4346 462 4413 eos,
478 4345 560 4410 quos
582 4344 649 4393 uua
663 4326 834 4410 conjunxit
848 4324 928 4392 tides
943 4325 1104 4402 mentium,
1121 4324 1245 4392 dissen-

127 4458 181 4507 sus
204 4457 271 4504 non
293 4435 457 4504 divideret
481 4435 652 4503 actionum.
678 4432 719 4499 lit
743 4439 830 4502 certe
846 4431 985 4517 quidem,
1012 4433 1088 4502 licet
1103 4431 1147 4499 ad
1161 4434 1246 4500 tanti

130 4546 334 4633 dispositoris
360 4544 527 4632 exemplar
550 4561 667 4631 pacem
697 4541 834 4627 diligere
860 4549 894 4610 et
918 4561 1050 4609 serrare
1074 4546 1245 4610 teneantur

126 4656 247 4744 singuli
259 4654 435 4723 Ghrmtimi
449 4654 586 4723 nominis
600 4649 815 4740 professores,
832 4656 941 4720 tamen
953 4649 1024 4736 hos,
1033 4669 1115 4734 quos
1124 4649 1245 4718 Divina

179 4761 281 4808 10101.
290 4759 592 4806 mmmm-numa
1031 4759 1073 4827 10
