3230 5268
902 425 967 494 248

856 515 1015 527 μιν

376 626 539 712 Episcopo
566 626 721 696 videlicet
746 627 971 712 olomucensi,
998 626 1099 692 iratre
1129 623 1311 711 Hartperuo
1346 621 1498 724 llinistro

376 734 509 803 Ordinis
525 733 661 804 fratrum
686 736 844 804 liinomm
860 755 920 823 per
935 734 1110 817 Austriam,
1130 731 1280 799 Hartlibo
1297 731 1500 815 camerario,

376 845 569 912 Bohussoue
594 843 807 927 llarschalco,
833 843 1019 913 Nezemiuel
1039 843 1201 908 Pincerua
1215 840 1369 923 Moravie,
1385 861 1406 906 a
1421 857 1500 923 pre-

376 953 464 1020 dicto
488 953 579 1036 Rege
603 951 761 1022 Bohemie
778 953 926 1022 similiter
941 973 1015 1022 cum
1030 953 1128 1039 pleno
1143 947 1296 1016 mandato
1311 945 1500 1027 destinatis,

376 1063 519 1128 tractare
543 1069 576 1127 et
599 1060 752 1130 ordinare
776 1068 809 1128 et
834 1059 976 1129 diffinire
1002 1064 1139 1147 possent
1155 1055 1265 1123 omnia
1281 1053 1326 1121 ad
1340 1053 1500 1122 reforma·

377 1167 498 1234 tionem
512 1167 604 1254 pacis
619 1165 786 1252 facientia,
803 1188 866 1252 que
881 1187 942 1234 nos
957 1167 1032 1253 ipsi,
1048 1167 1077 1233 si
1087 1161 1331 1251 presentialiter
1342 1161 1501 1248 cumipse

377 1277 469 1362 Rege
494 1277 627 1344 Boemie
655 1275 932 1359 convenissemus,
957 1273 1107 1342 ordinare
1123 1282 1156 1340 et
1170 1271 1311 1340 diffinire
1327 1289 1501 1355 possemus

378 1405 437 1472 pro
462 1386 564 1453 nostri
590 1387 698 1470 quiete
714 1383 812 1450 animi
829 1401 868 1451 ac
882 1390 1066 1452 nostrorum
1083 1379 1320 1464 tranquillitate
1335 1379 1501 1447 subiecto·

378 1513 466 1578 rum;
483 1491 582 1559 iidem
597 1493 744 1560 Baiones
757 1493 860 1560 nostri
876 1489 1084 1559 considentes
1101 1509 1171 1556 cum
1188 1487 1346 1576 predictis
1360 1487 1499 1556 Baroni·

378 1601 440 1667 bus
455 1599 562 1686 Regni
586 1599 718 1666 Boemie
739 1599 972 1668 ordinaverunt
986 1607 1019 1667 et
1034 1603 1284 1685 assumpserunt
1299 1597 1394 1664 iuxta
1410 1592 1502 1663 mau-

380 1707 450 1774 dnti
473 1707 586 1774 traditi
611 1707 675 1775 sibi
699 1707 833 1774 formam
852 1709 920 1774 :Vt
944 1709 985 1776 de
1010 1715 1122 1776 cetero
1147 1711 1307 1792 perpetua
1331 1726 1398 1792 pax
1414 1705 1503 1772 inter

301 1845 304 1850 ·
381 1836 441 1883 uos
467 1821 500 1882 et
523 1813 628 1902 ipsum
653 1817 777 1900 Regem
800 1815 934 1884 Boemie
959 1817 1079 1884 debeat
1105 1815 1286 1900 observari,
1303 1833 1364 1881 nec
1394 1812 1503 1881 eidem

380 1924 461 2010 Regi
476 1927 530 1991 vel
547 1925 615 1991 ruis
630 1924 833 1992 turbationes
848 1926 901 1992 vel
928 1925 1098 1992 molestias
1113 1923 1300 2006 inseremus,
1317 1924 1372 1990 vel
1387 1921 1503 1989 inferri

380 2053 439 2121 per
454 2037 583 2099 nostros
598 2031 773 2118 paciemur,
789 2033 995 2101 includentes
1021 2033 1128 2100 eidem
1144 2031 1231 2118 paci,
1249 2043 1283 2097 et
1298 2031 1417 2099 eadem
1432 2029 1503 2095 val·

380 2145 490 2210 lantes
506 2141 621 2224 Regna
636 2147 762 2226 nostra,
778 2141 933 2209 videlicet
953 2141 1157 2226 Ungariam,
1172 2140 1402 2224 Dalmaoiam,
1418 2137 1503 2206 Gro-

381 2249 496 2333 aoiam,
512 2249 659 2331 Ramam,
676 2249 836 2335 Servium,
853 2249 1037 2335 Galliciam,
1048 2249 1286 2332 Lodomeriam,
1298 2245 1505 2329 Comaniam,

381 2355 582 2440 Rulgariam,
608 2361 774 2439 totumque
800 2357 964 2424 Ducatum
989 2357 1175 2443 Sclavouie,
1201 2375 1274 2422 cum
1290 2353 1440 2422 omnibus
1455 2359 1504 2418 at·

382 2463 535 2532 tinenciis
556 2462 742 2544 eorundem,
770 2465 948 2532 secundam
975 2465 1082 2551 sigua,
1099 2465 1331 2534 distiucciones
1348 2469 1383 2529 et
1398 2467 1503 2529 metas

384 2571 555 2654 antiquas,
581 2578 679 2657 prout
704 2571 808 2638 eciam
834 2573 1055 2660 progenitores
1082 2571 1190 2640 nostri
1215 2579 1248 2638 et
1272 2579 1504 2639 antecessores

382 2683 491 2768 Reges
515 2677 660 2764 ngarie
683 2699 786 2764 usque
808 2687 936 2770 tempus
952 2683 1021 2750 rite
1035 2681 1156 2748 domini
1182 2683 1264 2750 Bele
1280 2679 1425 2766 gloriose
1439 2697 1505 2746 me-

383 2789 483 2856 morie
507 2788 611 2874 patris
632 2788 736 2855 nostri
764 2789 979 2876 possederunt
1005 2797 1037 2859 et
1060 2795 1246 2857 tenuerunt.
1263 2790 1383 2857 Verum
1398 2787 1428 2855 si
1443 2795 1505 2853 ter-

383 2897 460 2964 miui
476 2895 552 2963 hino
567 2896 645 2964 inde
659 2897 798 2964 inissent
814 2898 930 2982 avulsi,
947 2899 1000 2966 vel
1017 2900 1145 2983 mutati,
1161 2896 1369 2966 venerabiles
1379 2901 1506 2984 patres,

384 3005 533 3073 dominus
543 3005 818 3092 Archiepiscopus
830 3005 1065 3094 strigoniensis
1078 3015 1110 3074 et
1120 3007 1303 3094 Episcopus
1314 3005 1507 3073 Olomucen·

384 3112 442 3197 sis,
452 3111 558 3178 Deum
570 3117 602 3179 et
607 3113 777 3196 justiciam
785 3112 948 3183 babentes
957 3134 1017 3201 pre
1033 3115 1149 3191 oculis,
1166 3133 1265 3200 super
1275 3113 1507 3200 ipsisterminis

386 3229 416 3289 et
426 3219 583 3288 limitibus
593 3229 803 3307 cognoscent,
814 3229 846 3290 et
855 3221 900 3307 id,
912 3224 1001 3307 quod
1016 3223 1163 3310 legitime
1179 3221 1299 3289 diffini-
1314 3221 1431 3306 verint,
1447 3239 1508 3308 per

387 3325 1509 3418 censuramecclesiasticampartesiaoientobservaretbocadieoto5

386 3443 420 3503 ut
436 3435 609 3504 occasione
624 3437 832 3504 terminorum
848 3458 906 3508 seu
922 3439 1068 3516 limitum,
1085 3439 1128 3507 dc
1144 3437 1261 3524 quibus
1271 3439 1350 3506 dicti
1374 3435 1508 3505 Archio-

387 3545 541 3631 piscopus
551 3549 584 3610 et
593 3543 776 3629 Episcopus
789 3554 990 3630 cognoscent
996 3597 1005 3632 ,
1032 3550 1125 3632 pacis
1141 3547 1270 3634 puritas
1285 3548 1372 3614 inter
1385 3547 1510 3629 Regem

387 3651 519 3718 Boemie
543 3656 575 3719 et
599 3670 659 3717 uos
681 3671 745 3719 non
771 3652 961 3738 turbabitur,
979 3674 1041 3722 uec
1055 3675 1118 3722 nos
1136 3675 1207 3720 cum
1223 3655 1339 3723 eodem
1353 3653 1446 3740 Rege
1460 3673 1510 3720 re-

386 3759 527 3828 labimur
551 3759 585 3824 in
609 3777 799 3843 guerrarum
823 3759 1015 3828 discrimina
1038 3759 1194 3829 recidiva.
1220 3763 1310 3831 Pace
1323 3761 1511 3830 huiusmodi

385 3869 546 3934 internos
563 3873 594 3933 et
609 3865 716 3951 ipsum
740 3869 864 3954 Regem
881 3867 1073 3954 reformata,
1093 3875 1128 3935 et
1144 3869 1356 3938 cauciouibus
1371 3869 1509 3938 tam'lit

389 3979 531 4043 terarum
555 3975 810 4059 autenticarum,
836 3995 935 4062 quam
961 3977 1173 4044 iurisiurandi
1196 3978 1354 4064 religione
1368 3979 1510 4066 dumata,

388 4089 424 4148 ut
439 4079 567 4150 ¹eadem
592 4083 709 4150 robore
733 4083 930 4150 subsisteme
950 4083 1063 4152 valeat
1078 4085 1218 4170 firmiori,
1234 4085 1322 4154 iufra
1336 4088 1511 4154 terminum

389 4191 473 4259 iuter
497 4189 663 4257 illustrem
688 4191 811 4276 Regem
837 4192 970 4261 Boemie
986 4200 1019 4258 et
1035 4213 1097 4261 nos
1112 4195 1321 4262 statuendum
1339 4213 1398 4282 pro
1414 4193 1511 4283 pacis

388 4296 557 4385 multiplici
585 4296 746 4384 firmitate,
772 4299 878 4367 eidem
903 4301 987 4386 Regi
1011 4301 1147 4369 Boemie
1171 4299 1242 4368 dari
1264 4302 1511 4388 procurabimus

390 4412 433 4471 et'
447 4407 602 4474 iaciemus
627 4406 755 4476 litteras
779 4407 944 4494 magnifici
969 4407 1091 4477 domini
1116 4407 1235 4478 Karuii
1250 4408 1392 4476 illustris
1407 4409 1511 4498 Regis

390 4513 511 4597 Sicilie,
535 4515 681 4582 Ducatus
695 4515 822 4604 Apulie,
848 4515 1052 4604 Principatus
1079 4518 1193 4602 capue
1218 4525 1251 4586 et
1272 4517 1410 4586 Comitis
1426 4519 1510 4587 For-

390 4620 583 4705 qualquerii,
600 4643 725 4690 necnon
740 4622 868 4691 litteras
885 4623 1009 4691 domini
1027 4623 1079 4705 fl„
1096 4625 1208 4700 incliti
1218 4625 1319 4697 Ducis
1344 4617 1509 4714 Bawarie',

391 4727 535 4815 presenti
557 4747 640 4820 pace
668 4747 709 4804 ex
733 4737 829 4818 parte
854 4741 968 4802 nostra
983 4732 1196 4818 inclusorum,
1221 4749 1396 4822 supereo,
1421 4735 1510 4821 quod
