3270 5280
775 303 1045 440 Lm„

402 541 436 603 vt
453 523 591 622 populus
607 535 670 601 sibi
687 538 834 602 seruiens
859 537 974 602 merito
990 543 1023 602 et
1039 553 1170 602 numero
1195 535 1320 619 pariter
1349 541 1529 618 augentur.

402 642 543 709 Proinde
560 641 603 709 ed
619 642 845 710 uniuersorum
871 641 1025 708 noticiam
1051 639 1165 708 harum
1182 641 1267 708 serie
1283 641 1436 708 nolumus
1451 657 1530 726 per·

402 751 525 833 uenire,
549 749 635 830 quod
660 751 858 818 secedentes
892 751 935 817 ml
962 755 1106 816 nostrum
1130 747 1335 833 presenciam
1365 744 1530 827 Thomas,

401 856 532 938 Paulus,
550 855 664 944 Feney
680 863 714 921 et
728 855 811 924 Omb
828 857 869 925 dc
884 856 966 924 villu
985 855 1115 935 lucret,
1129 855 1189 940 lilij
1207 841 1359 921 videlicet
1374 852 1529 936 iobegic-

401 983 476 1030 num
493 961 602 1030 Ocetri
617 964 782 1047 Aliensis,
808 962 862 1047 qui
880 963 1069 1032 desoemum
1086 961 1203 1030 Ocmiti
1219 980 1280 1030 suo
1295 960 1376 1028 dere
1391 978 1530 1027 consue·

400 1077 526 1152 uerunt,
544 1068 638 1136 nobis
653 1068 815 1137 humiliter
830 1071 1065 1158 supplicarunt,
1096 1077 1132 1138 vt
1148 1088 1220 1136 cum
1246 1065 1371 1136 eisdem
1390 1085 1452 1152 per
1468 1084 1529 1152 pe·

281 1242 285 1254 ,
400 1183 484 1243 stem
498 1173 706 1246 Terturicam
721 1175 882 1245 desolatis
899 1175 1156 1246 misericordiam
1174 1174 1285 1242 iecere
1303 1174 1527 1259 dignaremur.

399 1285 470 1349 Noe
495 1283 593 1368 igitur
617 1284 761 1369 ipsorum
784 1281 963 1352 fidelitates
988 1284 1094 1369 Regia
1117 1288 1299 1370 pensantes
1325 1283 1464 1367 pietate,
1484 1301 1529 1348 ne

400 1397 534 1477 proptor
549 1391 711 1475 prefatam
737 1391 880 1458 inedium
905 1391 1018 1476 ingere
1043 1391 1298 1477 compellentur,
1322 1388 1383 1456 sed
1398 1389 1433 1454 in
1449 1389 1529 1476 ipsa

399 1507 489 1566 terre
504 1518 563 1585 per
578 1501 738 1567 Turtures
761 1498 914 1568 desolate
938 1499 1067 1568 facilius
1088 1499 1215 1586 possint
1244 1497 1451 1581 commereri,
1467 1497 1528 1564 be·

399 1605 561 1688 nignitate
577 1606 676 1674 solite
700 1607 835 1676 eosdem
851 1607 892 1675 (le
910 1606 1095 1674 huiusmodi
1114 1612 1203 1674 stetu
1218 1606 1364 1692 ipsorum
1380 1605 1529 1670 eximen-

399 1720 451 1780 tes
467 1714 502 1780 in
518 1733 685 1781 numerum
696 1723 730 1782 et
740 1715 912 1800 collegium
922 1716 1131 1782 honestorum
1148 1714 1359 1797 iobegionnm
1377 1711 1529 1779 eiusdem

402 1821 510 1888 Casiri
525 1822 677 1890 duximus
693 1824 946 1908 transferendos,
971 1824 1029 1906 ite,
1048 1831 1083 1890 ut
1098 1831 1166 1889 tem
1183 1823 1246 1909 ipsi
1263 1841 1361 1905 quam
1379 1823 1528 1907 ipsorum

398 1930 547 2015 heredes,
563 1929 784 2014 heredumque
809 1948 1025 2014 successores,
1051 1931 1084 1996 in
1103 1948 1271 1996 numerum
1287 1935 1321 1996 et
1336 1933 1443 1994 cetum
1470 1927 1529 1993 ho·

400 2046 566 2107 cestorum
591 2039 800 2123 iobugionum
826 2040 905 2107 dicti
929 2039 1036 2107 antri
1052 2038 1254 2123 computari,
1281 2043 1442 2124 perpetuo
1469 2037 1527 2106 de-

399 2147 501 2212 beent
514 2145 683 2228 gratulari.
714 2147 756 2212 Et
781 2155 816 2212 nt
832 2148 1009 2215 eorundem
1026 2145 1208 2214 huiusmodi
1224 2147 1361 2214 libertas
1388 2167 1411 2212 e
1427 2147 1527 2214 nobis

398 2269 559 2318 concesse
576 2253 673 2318 selue
688 2271 819 2339 semper
829 2255 1066 2323 etinconcusse
1081 2261 1283 2341 permanent,
1294 2253 1399 2320 necin
1415 2263 1528 2340 poste·

398 2377 470 2426 rum
486 2361 593 2446 possit
616 2361 651 2427 in
676 2359 802 2429 irritum
827 2383 886 2448 pcr
910 2367 1097 2453 quempiam
1122 2365 1334 2449 aliquatenus
1359 2365 1527 2448 reuocari,

397 2474 567 2551 presentes
584 2467 707 2536 eisdem
724 2471 945 2540 concessimus
962 2474 1090 2543 littores
1106 2471 1272 2559 dupplicis
1288 2471 1391 2557 sigilli
1419 2474 1526 2540 nostri

397 2573 574 2641 munimine
590 2575 773 2644 roboratas.
805 2576 927 2646 Datum
953 2601 1011 2666 per
1030 2599 1147 2648 manus
1163 2579 1276 2647 dilecti
1293 2586 1327 2645 et
1340 2577 1452 2646 fidelis
1469 2601 1525 2648 no·
1547 2615 1558 2638 ·

396 2681 456 2748 stri
481 2683 681 2754 venerabilis
705 2687 808 2772 putris
834 2689 1009 2776 Smaragdi
1030 2688 1281 2775 Archiepisccpi
1312 2688 1524 2757 colociensis

396 2789 480 2856 Aule
496 2797 607 2858 nosue
623 2791 832 2881 Cancellsrij‚
850 2815 936 2864 enno
953 2798 1084 2866 Domini
1101 2797 1276 2865 millesimo
1294 2795 1527 2864 ducentesimo

396 2898 603 2983 sexagesimo
619 2900 733 2968 tercio.

395 3071 555 3144 (EredstiJ'e
575 3073 752 3148 birhtrtytn
773 3077 1011 3149 elhelvinycdott
1033 3097 1116 3137 verus
1141 3081 1297 3152 selyemriil
1320 3079 1412 3154 sslggli
1426 3080 1525 3138 lectos

395 3161 547 3235 pecsettel,
561 3167 694 3237 melynek
716 3167 817 3240 ulclrjs
838 3168 1045 3240 kivehetetien‚
1070 3168 1296 3243 kiviltsiglevcil
1309 3171 1451 3240 alathen,
1466 3189 1524 3228 ven

395 3253 668 3331 napy-Kiristnsc
674 3254 788 3316 lnircei
795 3257 908 3316 Perkes
918 3257 1068 3318 testverek
1081 3258 1291 3319 levdlteirtbcn.
1302 3261 1384 3316 Sueto
1396 3261 1525 3333 Keretp.)

828 3558 1074 3572 v————-—--

927 4018 983 4086 ³4.

395 4199 455 4265 IV.
474 4197 582 4264 Orbdn
591 4202 683 4286 popo
698 4197 887 4263 Timotheum
896 4197 1211 4284 zopotipuopctnek
1220 4199 1525 4274 kutdrozec.126'3.

499 4391 652 4461 Urbanus
675 4392 859 4478 Episcopus
884 4398 944 4460 etc.
971 4374 1092 4459 dilecto
1117 4392 1184 4461 lilio
1208 4393 1385 4466 Timotheo
1404 4400 1527 4471 illecto

390 4498 608 4584 Zugrcbicnsi
632 4499 771 4566 sulutem
787 4505 850 4565 etc.
868 4498 1016 4565 Rationis
1033 4500 1133 4567 oculis
1149 4501 1314 4572 intuentes
1333 4509 1526 4586 commode.

389 4624 453 4692 que
468 4604 663 4673 vacuentur
687 4605 847 4672 Ecclesiis
872 4605 914 4671 de
938 4605 1063 4672 colubri
1087 4607 1279 4692 provisione
1306 4615 1527 4700 proueniunt,
