3248 5274
621 1075 698 1142 161.

98 1289 251 1392 ‚nacte
266 1291 416 1378 arctant
429 1289 523 1358 cusa
538 1295 618 1359 mco
631 1293 795 1358 earcuo
818 1293 848 1356 a
864 1293 1018 1358 amcam
1043 1265 1242 1380 „moeros

560 1401 656 1468 emor.
675 1403 772 1466 1272.

214 1610 414 1702 (li)liscbetb
430 1617 492 1684 Dei
509 1617 624 1702 gracia
640 1617 767 1702 Regina
784 1617 952 1702 Hungarie
968 1617 1132 1686 vniuersis
1142 1618 1224 1686 San-

108 1728 155 1788 cte
180 1723 298 1792 Matris
325 1725 474 1794 Ecclesie
488 1725 577 1812 filijs,
594 1729 797 1812 presencium
813 1725 971 1794 noticiam
985 1726 1155 1809 habituris,
1172 1745 1223 1792 sn·

108 1830 206 1898 tutem
223 1834 257 1900 iu
274 1853 351 1902 uero
370 1836 554 1902 Scluatore.
572 1837 818 1920 circumspectu
834 1834 1003 1919 Reginelis
1013 1834 1225 1918 benignitatis

107 1940 317 2025 prouidoncia
334 1943 440 2010 metiri
458 1944 555 2011 debet
581 1945 697 2011 merita
721 1943 929 2028 singulorum,
956 1951 989 2010 ct
1013 1942 1149 2029 singulis
1175 1961 1225 2010 sc·

108 2051 247 2118 eundum
262 2053 464 2136 exigenciam
481 2053 667 2120 meritorum
683 2053 893 2138 respondere,
909 2058 944 2118 vt
967 2052 1040 2118 dum
1066 2053 1125 2138 hij,
1150 2071 1225 2136 quo-

108 2177 176 2224 rum
192 2158 336 2228 seruicia
351 2179 410 2246 per
434 2161 676 2244 experienoiem
702 2158 871 2228 fidelitatis
898 2165 1015 2245 patent
1040 2161 1226 2253 manifesta,

107 2269 336 2354 prospexerint
352 2287 388 2336 se
407 2268 575 2350 fecundos,
592 2269 633 2334 de
649 2269 769 2335 uirtute
787 2288 934 2336 cresccre
952 2268 1105 2337 studeant
1120 2269 1225 2336 incir-

108 2381 218 2461 tutem,
235 2385 267 2442 et
282 2377 342 2460 aiij
359 2397 469 2444 eorum
491 2377 641 2461 exemplo
657 2377 837 2462 prouocati,
864 2379 908 2445 ad
933 2377 1102 2446 fidelitatis
1127 2397 1227 2462 opera

108 2483 293 2564 inuitentur.
334 2485 474 2552 Proinde
509 2487 732 2552 uniuersorum
758 2486 960 2571 presencium
986 2485 1227 2570 futurorumque

111 2593 230 2662 noticie
245 2595 393 2661 uolumus
409 2593 479 2662 iieri
495 2595 716 2679 manifestum,
734 2593 821 2678 quod
837 2613 908 2658 oum
925 2594 1020 2660 (iuna
1035 2593 1123 2662 filius
1140 2595 1228 2682 eyn·

110 2720 161 2786 ga,
181 2720 278 2768 cocus
295 2710 408 2772 noster
424 2705 467 2772 de
483 2703 563 2770 villa
578 2703 758 2788 Kulked,a
784 2701 939 2788 primeuis
967 2704 1142 2770 iuuentutis
1168 2723 1227 2771 sue

106 2807 241 2877 floribus
258 2811 293 2876 in
309 2811 405 2878 domo
422 2818 535 2879 nostre
549 2811 763 2878 (telsitudinis
780 2810 948 2893 educatus,
965 2811 999 2876 iu
1015 2813 1184 2898 prosperis
1195 2819 1228 2880 ct

3 2987 5 2996 ,
39 2943 42 2949 ’
108 2919 267 3002 aduersis,
283 2925 316 2985 et
332 2921 473 2987 maxime
499 2927 646 3006 tempore
671 2917 911 3007 persecutionis
936 2924 1054 3002 nostre,
1082 2939 1145 3004 quo
1172 2921 1227 2988 do·

4 3009 5 3026 ¹
109 3029 214 3096 minus
230 3029 311 3094 Bele
327 3029 406 3116 Rex,
423 3037 455 3095 et
471 3029 602 3097 domina
618 3029 724 3096 Maria
739 3047 853 3095 socrus
868 3033 980 3094 nostra
995 3027 1081 3096 bone
1107 3048 1226 3096 memo·

109 3136 165 3220 ric,
184 3143 298 3204 eontra
322 3137 484 3205 dominum
502 3145 647 3206 nostrum
673 3137 871 3221 Stephanum
898 3137 1029 3221 Regem,
1056 3141 1089 3204 ct
1113 3143 1228 3205 contra

108 3245 174 3311 nos'
186 3245 366 3330 insurgere,
384 3254 416 3312 et
430 3267 490 3313 nos
507 3265 695 3332 expugnare
722 3245 918 3332 nitebantur,
935 3246 969 3312 in
987 3244 1158 3334 obsidione
1175 3265 1227 3313 cc·

109 3355 170 3422 stri
186 3354 306 3442 Potok,
321 3355 425 3442 rarijs
439 3377 475 3425 sc
491 3357 708 3442 periculorum
723 3355 897 3439 generibus
913 3373 1095 3440 exponens,
1106 3356 1225 3423 deuote

110 3461 281 3529 fidelitatis
309 3463 499 3547 obsequium
525 3464 617 3529 nobis
648 3461 830 3528 exhibuerit
864 3461 1047 3549 indefesse;
1080 3465 1228 3531 volentes

110 3571 217 3639 cidem
235 3573 397 3656 condigno
412 3572 640 3639 retnbnoionis
655 3569 820 3657 stipendio
830 3571 1038 3658 respondere,
1056 3573 1171 3657 ipsum,
1188 3595 1229 3642 ac

110 3681 231 3748 fratres
242 3699 318 3748 suos
328 3683 479 3766 uterinos,
497 3683 613 3768 Noboy
634 3681 794 3764 uidelicet,
813 3681 928 3748 Obaba
937 3731 946 3764 ,
964 3687 998 3747 et
1012 3681 1172 3769 Bolosey,
1188 3681 1229 3748 de

111 3790 194 3857 vilia
209 3789 344 3859 Kulked
360 3791 559 3880 supradicta,
577 3791 672 3858 simul
690 3809 762 3856 oum
779 3801 866 3856 terra
882 3808 938 3856 eos
954 3790 1171 3874 contingente,
1188 3787 1229 3855 de

112 3901 302 3970 condicione
312 3923 464 3971 cocorum
475 3908 654 3968 nostrorum
667 3901 859 3985 eximentes,
869 3899 903 3965 in
913 3918 1081 3966 numerum
1093 3907 1125 3965 et
1135 3899 1230 3966 liber·

111 4017 214 4078 tatem
226 4011 440 4080 seruiencium
451 4011 635 4096 Regalium,
646 4011 688 4078 do
698 4011 875 4092 uoluntate,
887 4007 1100 4078 conninencia
1112 4016 1145 4075 et
1155 4028 1229 4076 con-

112 4139 212 4189 sensu
228 4119 350 4188 domini
365 4122 469 4188 nostri
485 4121 594 4205 Regis,
612 4119 759 4188 duximus
775 4119 1035 4187 transferendos.
1064 4117 1230 4203 volentes,

112 4237 147 4295 ut
171 4229 281 4316 ijdem,
304 4237 463 4298 eteorum
480 4229 639 4316 heredes,
656 4250 715 4298 sev
740 4229 867 4297 directa
889 4225 1116 4314 generationis
1140 4227 1230 4294 linea

112 4340 354 4407 descendentes
364 4341 406 4407 ab
423 4339 550 4408 eisdem
576 4341 691 4407 eadem
707 4339 860 4406 libertato
876 4323 1084 4424 perpetuo'ot
1100 4337 1228 4403 inreuo-

115 4449 266 4518 cabiliter
281 4451 456 4535 gaudeant,
470 4469 535 4534 qua
547 4450 647 4516 ceteri
658 4451 762 4533 Regni
778 4448 882 4515 nostri
892 4447 1019 4513 nobiles
1031 4444 1174 4530 gaudere
1183 4443 1230 4510 di·

114 4568 298 4628 noscuntur.
315 4561 352 4626 In
370 4561 462 4628 ouius
477 4560 526 4627 rei
542 4561 739 4639 memoriam,
760 4555 1009 4639 firmitatemque
1024 4561 1227 4655 perpetuam,

115 4689 155 4736 ne
170 4686 327 4755 processu
342 4675 522 4755 temporum
539 4666 668 4753 possint
683 4685 741 4754 per
757 4664 943 4749 quempiam
960 4681 1060 4749 super
1071 4661 1231 4747 premissa

115 4779 266 4850 libertate
290 4779 437 4866 maligna
472 4777 690 4846 cauillccionc
715 4775 884 4859 impediri,
910 4781 1079 4858 presentes
1105 4771 1230 4840 eisdem

1003 4881 1072 4947 18·
