3250 5268
117 1361 139 1424 1
143 1358 184 1426 V.
218 1361 326 1427 Orbdo
345 1361 440 1447 pcipe
466 1358 579 1425 Girold
603 1359 707 1426 owadi
733 1356 854 1446 (όυάιί)
875 1381 945 1446 pop
969 1359 1252 1448 sedmdro'cdddoy

340 1465 545 1550 kdpolcrdcuk
561 1465 698 1532 Enetos
715 1467 822 1532 criniti
836 1488 913 1554 coep.
938 1467 1037 1533 1264.

227 1664 386 1738 Urbanus
403 1663 588 1750 Episcopus
605 1669 665 1731 eto.
693 1661 813 1730 dilecto
830 1661 896 1732 filio
914 1660 1050 1731 (iiroldo
1074 1663 1117 1732 de
1146 1662 1251 1732 Owad

116 1749 272 1858 (Osiri)
291 1772 413 1848 clerico
436 1772 622 1839 dauriensis
647 1768 802 1839 Dioccsis
827 1773 969 1840 salntem
994 1777 1055 1838 eto.
1086 1772 1171 1858 Hiis,
1186 1791 1250 1858 que

118 1884 238 1946 nostra
254 1877 453 1946 auctoritato
469 1875 560 1965 fiunt,
577 1876 1159 1966 utfirmapcrmaneant,cti11ibete
1175 1899 1251 1948 cons

118 1987 253 2070 sistant,
271 1987 414 2055 libenter
428 1984 589 2054 adicimus
606 1985 793 2073 Apostotioi
808 1986 940 2055 roboris
950 1985 1146 2056 firmitatem.
1163 1989 1252 2058 Sane

118 2095 239 2178 petitio
255 2103 314 2164 tna
329 2094 425 2162 nobis
442 2093 597 2163 exhibita
611 2093 811 2179 continebat,
839 2095 926 2180 quod
943 2114 1015 2162 cunr
1030 2115 1090 2164 nos
1106 2094 1183 2164 olim
1198 2115 1251 2164 ue

119 2203 266 2272 nerabili
300 2201 397 2271 iratri
432 2211 572 2270 nostro.
592 2203 811 2290 ..Episcopo
842 2204 1035 2272 Penestrino
1066 2201 1254 2273 conferendi

118 2313 270 2398 personis
286 2309 415 2379 idoneis
440 2308 600 2376 beneficia
624 2309 867 2399 ecclesiastica,
885 2319 1082 2399 personatus
1098 2317 1132 2378 et
1147 2310 1251 2397 digni-

119 2427 210 2488 tates
235 2439 307 2486 cum
334 2437 412 2485 cura
438 2425 471 2484 et
495 2415 567 2484 sine
594 2437 692 2506 cura,
719 2437 781 2502 que
797 2419 997 2487 uenerabilis
1022 2421 1126 2514 frater
1142 2428 1253 2490 noster

118 2527 336 2616 Eymothcus,
362 2525 597 2609 Zagabricnsis
623 2526 807 2612 Episcopus
823 2533 901 2594 tunc
917 2529 1063 2616 Electus,
1085 2529 1179 2598 ouius
1195 2547 1250 2596 no·

119 2655 181 2722 pos
198 2633 327 2718 existis,
344 2629 557 2720 promotionis
583 2651 644 2700 sue
662 2639 810 2720 tempore
826 2635 860 2701 in
875 2635 988 2722 Regno
1004 2637 1151 2724 Ungarie
1167 2635 1250 2704 obti-

119 2745 222 2811 nebat
248 2749 282 2809 et
306 2739 562 2808 contradictores
588 2746 648 2808 etc.
673 2743 927 2829 compescendi,
953 2765 1012 2832 per
1035 2753 1167 2814 nostras
1192 2743 1252 2811 sub

120 2859 213 2921 certa
229 2851 336 2928 forma
345 2849 474 2917 litteras
490 2849 766 2918 concessissemus
783 2849 921 2918 liberam
940 2852 1146 2940 facultatem
1163 2851 1251 2920 idem

121 2957 308 3048 Episcopus
323 2957 535 3026 Penestrinus
561 2957 858 3026 SanctiLaurentii
873 2959 914 3027 dc
930 2961 1010 3028 vilia
1026 2959 1124 3047 Eiles,
1139 2959 1252 3029 Sancti

121 3067 282 3137 Demetrii
298 3067 340 3135 de
355 3065 473 3152 Boron,
491 3063 642 3132 Omnium
658 3065 851 3135 Sanctorum
867 3069 909 3136 de
925 3069 1072 3155 Nigwan
1087 3075 1121 3136 et
1139 3069 1252 3137 Sancti

120 3175 256 3244 Martini
272 3175 314 3244 de
329 3173 453 3243 Minore
468 3171 588 3241 Mortin
613 3173 782 3261 (tapetias,
808 3196 891 3261 quas
914 3175 1001 3244 idem
1017 3175 1253 3264 Zagabricnsis

120 3287 309 3375 Episcopus
324 3289 472 3368 tempore
497 3301 557 3349 sue
583 3283 797 3370 promotionis
813 3285 847 3352 in
864 3284 998 3353 Dioccsi
1013 3285 1180 3354 Jouriensi
1195 3285 1253 3353 ha-

15 3405 16 3408 ’
119 3395 248 3470 buerat,
273 3399 306 3460 ct
334 3409 398 3475 que
424 3395 502 3457 tunc
517 3409 578 3477 per
593 3391 951 3478 ipsiuspromotionem
968 3389 1143 3477 vacabant,
1160 3399 1193 3460 tc
1209 3395 1253 3462 ad

119 3507 215 3592 ipsas
240 3499 394 3568 idoneum
419 3505 598 3584 reputans,
626 3499 686 3567 tibi
712 3502 870 3568 canonice
896 3500 1035 3568 contulit
1060 3501 1255 3569 anctoritate

119 3607 311 3679 huiusmodi
325 3608 517 3694 litterarum,
542 3613 638 3692 teque
654 3607 696 3677 de
712 3609 795 3696 ipsis
810 3607 957 3696 providit
981 3627 1020 3676 ao
1036 3615 1071 3677 te
1086 3627 1144 3696 per
1160 3629 1253 3677 snum

120 3719 279 3789 annulum
296 3713 481 3802 investivit,
508 3713 690 3785 decernens
716 3717 842 3785 irritum
868 3723 901 3785 et
925 3717 1039 3802 inane,
1056 3719 1084 3784 si
1100 3735 1195 3785 secus
1212 3713 1255 3785 de

121 3827 265 3914 capellis
290 3823 414 3894 eisdem
439 3845 462 3893 a
485 3843 648 3910 quoquam
670 3827 878 3912 contingeret
893 3824 1092 3912 attemptari,
1108 3831 1206 3910 prout
1220 3825 1254 3893 in

15 3973 17 3988 ·
122 3939 341 4004 instrumento
364 3933 496 4018 publico
523 3931 599 4001 inde
624 3933 773 4001 confecto
799 3941 832 4000 ct
859 3934 964 4022 ipsius
981 3931 1138 4018 Episcopi
1153 3933 1254 4000 Pene-

121 4043 215 4111 strini
232 4041 343 4128 sigillo
353 4037 479 4109 *munito
494 4039 622 4126 plenius
639 4039 832 4108 continetur.
849 4039 919 4106 Nos
934 4038 1033 4124 igitur
1047 4037 1113 4106 tuis
1130 4037 1252 4126 suppli·

122 4150 309 4233 cationibus
333 4149 502 4236 inclinati,
529 4148 616 4234 quod
642 4167 742 4234 super
766 4147 828 4216 hoc
854 4147 897 4214 ab
922 4145 1038 4216 eodem
1063 4147 1254 4216 Penestrino

121 4261 292 4348 Episcopo
308 4257 431 4326 factum
448 4264 509 4343 est,
540 4265 645 4325 ratum
666 4254 827 4325 habentes
843 4261 877 4323 et
893 4255 1029 4342 firmum,
1046 4253 1127 4324 illud
1142 4261 1252 4323 aucto-

71 4427 77 4441 ,
122 4371 221 4438 ritate
246 4365 441 4453 Apostolica
465 4364 694 4434 confirmamus
726 4371 788 4432 etc.
822 4364 1076 4450 communimus;
1106 4369 1253 4432 tenorem

122 4475 228 4562 ipsius
253 4474 462 4542 instrumenti
487 4472 529 4540 dc
554 4473 656 4542 uerbo
681 4471 725 4542 ad
751 4471 886 4540 verbum
915 4469 1125 4559 presentibus
1155 4471 1256 4540 inseri

122 4583 298 4670 iacientes,
314 4583 370 4666 qui
386 4581 465 4650 talis
480 4588 545 4651 est:

228 4687 420 4781 Stephanus
436 4692 500 4762 stb.
517 4685 614 4778 (mint
630 4689 732 4762 attho
751 4688 803 4762 78.
821 4711 866 4760 su.
883 4687 933 4783 a)
