3248 5274
614 333 755 436 gro-

124 530 264 598 eiusdem
279 530 377 616 Regia
392 529 535 615 Ungarie
545 529 606 596 fnit
621 529 795 615 exhibitus,
812 531 854 598 de
864 529 964 597 uerbo
977 529 1022 596 ad
1034 527 1163 596 uerbum
1173 546 1244 614 pre·

124 638 270 706 auditus
285 637 388 720 inseri
403 637 574 708 taetantes.
592 639 654 718 Qui
670 641 748 709 talia
764 647 814 708 eet
831 665 838 704 :

227 744 417 832 Stephanus
432 746 496 814 Dei
511 749 623 832 gruoiu
639 747 794 834 Ungurie,
810 745 976 815 Dalmatie
1005 745 1069 811 stb.
1084 745 1155 813 Rex
1182 747 1243 814 stb.

123 859 302 931 (reverterit
326 861 362 916 V.
386 861 483 918 intutu
506 881 622 936 megyar
647 864 797 936 kirtlynak
812 881 845 919 aa
861 861 972 925 leil-ki
988 861 1181 934 magyaroueh
1196 859 1243 917 be·

121 969 281 1028 kelriitdsrdl
296 971 407 1026 lriadott
422 971 570 1044 okmdnyu‚
587 973 657 1028 mint
671 966 776 1028 ienebb
792 980 853 1036 152.
869 991 907 1028 an.
924 969 962 1041 a.)

223 1070 312 1138 Nulli
334 1092 412 1157 ergo
437 1074 568 1141 omnino
585 1073 747 1142 hominum
762 1077 861 1142 lioeat
876 1074 961 1142 hano
976 1075 1132 1159 paginam
1149 1078 1243 1144 notre

125 1177 380 1248 confirmationis
395 1180 583 1269 iufringere,
600 1184 651 1249 voi
668 1184 700 1250 ei
715 1203 798 1252 ausu
812 1185 984 1253 temerario
1010 1185 1183 1252 oontruire.
1209 1185 1243 1253 Si

122 1291 193 1372 quis
207 1296 315 1356 autern
330 1290 394 1357 boo
408 1297 604 1376 attemptare
619 1298 867 1379 presumpserit,
893 1293 1151 1377 indignationem
1168 1290 1242 1359 Om-

121 1397 297 1482 nipotentis
313 1398 376 1465 Dei
390 1406 423 1466 et
437 1403 612 1468 Raetorum
629 1401 718 1467 Petri
742 1407 775 1467 et
799 1403 892 1470 Penii
919 1401 1149 1491 Apostolorum
1174 1399 1241 1466 eiua

122 1507 302 1574 removerit
317 1508 527 1576 ineuraurum.
544 1510 661 1576 Daton
678 1510 833 1578 Laterani
850 1511 908 1577 111.
925 1513 1038 1578 Nonas
1053 1507 1141 1593 Maii,
1158 1509 1239 1576 Pon-

121 1612 259 1682 tifioetus
274 1616 376 1682 nostri
392 1635 479 1682 anuo
495 1615 607 1702 primo.

189 1809 238 1882 (X.
257 1808 386 1882 Gergely
400 1809 477 1884 ptpa
489 1810 679 1886 Regestdibol
692 1811 869 1870 Theinerndi
881 1813 919 1868 id.
935 1829 973 1868 ιιι1
988 1811 1008 1867 l.
1022 1813 1052 1869 k.
1065 1813 1126 1870 299.
1138 1811 1170 1884 i.)

554 2112 608 2121 ...η
612 2113 796 2122 ———-—

117 2857 155 2920 X.
182 2853 317 2941 Gerpely
334 2859 427 2942 pcipe
452 2880 490 2920 uz
519 2858 699 2944 eoeterqotuu'
723 2855 862 2921 tenatiae
880 2861 910 2922 da
926 2881 946 2920 o
962 2861 1050 2922 odozu'
1063 2858 1238 2944 pitrpiikbea

150 2984 337 3050 upyanueou
354 2965 439 3027 1271
444 2964 491 3029 -ti
506 2963 722 3051 mappae-oreb
738 2965 913 3030 bekeleb'zte'a
928 2965 1076 3052 ttpytbeu.
1101 2967 1199 3034 1272.

220 3159 398 3246 Gregorius
414 3162 597 3253 Episoopus
613 3180 728 3231 servus
744 3181 909 3230 servorum
920 3160 982 3228 Dei
991 3162 1235 3231 venerabilibus

115 3269 290 3336 frutribus.
307 3318 316 3335 .
334 3269 609 3356 .Arehiepisoopo
625 3269 842 3353 Strigoniensi
859 3267 910 3337 et'.
929 3320 934 3332 .
952 3321 959 3335 .
979 3271 1141 3356 Episcopo
1159 3271 1232 3340 Wa-

116 3377 219 3446 oiensi
247 3379 387 3443 sulutem
414 3385 446 3444 et
471 3377 693 3463 Apostolioum
718 3379 988 3448 benedictionem.
1015 3377 1117 3446 Lenta
1141 3379 1236 3448 nobis

116 3485 273 3555 uerissimi
298 3487 331 3551 in
356 3483 482 3554 Christo
506 3485 566 3552 fiiii
592 3487 696 3554 nostri
735 3485 915 3554 Othaehari
939 3487 1081 3554 Illustris
1105 3486 1236 3556 Boemie

115 3597 214 3680 Regis
229 3593 346 3682 petitio
363 3590 559 3678 continebat,
578 3595 752 3678 quodcum
769 3597 852 3662 inter
872 3595 976 3681 ipsum
994 3602 1026 3660 et
1041 3593 1235 3662 carissimum

114 3707 148 3772 in
165 3703 293 3772 Obriato
309 3702 410 3770 filium
425 3708 573 3770 nostrum
589 3701 790 3789 Stephanum
806 3701 969 3770 Illustrero
985 3705 1106 3786 Regem
1124 3699 1234 3789 Ungu-

114 3814 161 3881 rie
187 3812 340 3900 pravium¹
361 3829 551 3899 guerrarum
575 3812 762 3899 perieulosa
788 3812 975 3880 discrimine
999 3812 1153 3880 eeduotor
1178 3809 1234 3879 hu·

112 3926 200 3991 mani
216 3920 344 4008 generis
370 3919 584 3997 seminasset,
602 3929 634 3988 et
659 3921 780 3988 Divina
800 3921 933 3988 tandem
949 3921 1126 3988 elementia
1141 3919 1235 3986 desu-

114 4053 173 4120 per
188 4032 371 4118 inspirante
387 4028 486 4096 iidem
502 4029 628 4114 Reges,
654 4029 748 4097 bonis
763 4029 841 4096 viria
858 4028 1095 4114 mediantibus,
1122 4027 1165 4095 de
1180 4047 1233 4098 aa·

113 4159 233 4210 ueneno
249 4140 453 4206 Preietorum
479 4143 512 4204 et
535 4140 698 4206 Beronum
724 4135 910 4205 utriuslibet
934 4157 1049 4225 paoem
1074 4143 1233 4224 perpetuu

113 4249 289 4317 mimiernnt
305 4247 461 4316 eonieotis
477 4265 577 4333 super
593 4247 655 4314 hoe
671 4247 786 4315 litteris
802 4253 835 4313 et
850 4247 1048 4332 interpositis
1073 4247 1233 4314 iurameni

113 4357 165 4443 tis,
183 4378 224 4425 ao
249 4355 289 4422 de
304 4357 471 4440 utriusque
487 4354 694 4442 beneplaeito
710 4375 770 4442 per
779 4360 885 4422 eertos
894 4354 1085 4438 ordinarios,
1098 4373 1233 4438 quorum

114 4467 148 4535 in
164 4463 473 4552 sejurisdiotionem
492 4482 670 4552 prorogare
696 4469 870 4545 curarunt,
895 4462 929 4528 in
954 4467 1121 4546 utrumque
1145 4463 1231 4546 ipso·

114 4597 185 4646 rum
201 4574 332 4642 inerunt
347 4573 380 4642 in
397 4574 528 4660 seriptis
544 4570 886 4642 excommunicationis
915 4572 1075 4639 sententie
1090 4571 1231 4660 promul-

113 4693 202 4774 gate,
219 4704 259 4754 eo
273 4682 356 4749 inter
373 4691 483 4752 cetera
498 4701 650 4771 expresse
666 4683 698 4748 iu
718 4686 860 4749 tractatu
876 4683 967 4770 peois
984 4679 1127 4753 eiusdem
1139 4677 1230 4752 habi-
