3250 5268
520 422 524 444 ·
618 402 764 500 nr.-

117 615 230 663 uersus
243 618 319 664 cum
330 595 491 678 debanna,
503 597 632 681 prelato
643 587 813 678 Stephano
826 595 1039 664 etDomiuico
1053 617 1095 662 ex
1107 599 1251 668 aduersa

118 713 223 788 parte,
241 704 433 789 inquorum
458 703 718 789 disposicionem
736 712 768 770 et
794 703 919 770 sactum
936 706 970 771 in
996 706 1100 789 ipsius
1120 727 1251 791 presen-

119 811 171 876 cia
187 813 326 895 Paulus,
343 812 488 880 Jacobus
498 861 507 894 ‚
525 813 659 878 Marcus
676 819 708 878 et
725 811 911 896 Mattheus,
929 814 1074 880 Thomas
1092 823 1124 881 ct
1140 815 1248 882 Domi-

118 919 214 988 nicus
232 920 434 986 voluntatem
450 937 544 984 suam
560 925 592 983 et
608 919 711 985 verba
727 920 979 1005 commiserant,
997 921 1171 989 confessus
1188 931 1250 1006 est,

118 1027 207 1113 quod
222 1027 331 1112 ipsam
350 1035 471 1093 terram
497 1024 646 1111 prefatus
664 1025 836 1094 Jcbannes
858 1027 1006 1095 diuiserit
1021 1037 1174 1114 respectu
1191 1032 1251 1098 vti·

121 1138 228 1205 litatis
246 1157 305 1204 sue
322 1138 354 1203 in
371 1147 500 1222 partem
526 1135 680 1202 maiorem
702 1141 736 1203 et
750 1138 928 1222 minorem,
948 1136 1124 1221 dequibus
1145 1143 1248 1208 nomi-

119 1247 191 1312 nari
223 1245 414 1331 Stephanus
440 1251 473 1310 et
503 1245 586 1310 socii
612 1247 664 1311 sui
688 1244 847 1312 minorem
877 1254 1003 1332 partem
1029 1249 1132 1334 ipsius
1163 1257 1250 1319 terre

121 1373 181 1438 pro
199 1355 343 1423 faciliori
370 1362 401 1420 et
425 1353 549 1420 utiliori
573 1361 662 1420 statu
678 1354 880 1438 elegissent,
905 1357 1059 1441 ampliori
1075 1365 1108 1425 et
1134 1357 1250 1426 laciori

120 1470 217 1548 parte
243 1460 506 1529 irreuocabiliter
523 1461 557 1526 in
583 1460 691 1528 forma
707 1463 802 1546 pacis
819 1463 885 1530 iam
902 1465 990 1531 dicto
1015 1465 1161 1532 Johanni
1178 1486 1251 1533 cum

122 1573 192 1638 suis
220 1571 396 1653 fratribus,
420 1567 519 1637 Petro
544 1567 701 1658 videlieet
728 1577 760 1636 et
776 1571 913 1638 Nicolao
939 1572 974 1638 in
999 1570 1084 1639 filios
1110 1572 1247 1643 filiorem

4 1673 6 1712 ;
118 1687 325 1748 remanente.
350 1677 452 1744 Cuius
480 1676 630 1760 equidem
658 1677 830 1744 diuisionis
851 1679 971 1746 seriem
988 1689 1020 1746 et
1044 1700 1158 1749 cursus
1183 1703 1247 1748 me·

118 1795 229 1854 larum
244 1787 332 1854 idem
349 1790 461 1852 noster
488 1784 734 1855 concanonicus
751 1785 873 1851 adhoc
891 1786 1071 1872 deputatus
1081 1840 1091 1873 ,
1117 1797 1151 1854 rt
1167 1789 1251 1856 dixi-

4 1953 5 1966 2
117 1917 214 1972 mus,
239 1893 448 1980 presentibus
465 1891 617 1978 partibus
644 1893 756 1960 retulit
772 1894 928 1960 seriatim.
954 1895 1063 1963 Prima
1079 1904 1169 1964 meta
1195 1919 1251 1964 an·

4 1999 5 2004 ’
116 2005 241 2090 gulosa
266 2002 381 2088 incipit
405 2001 449 2067 ab
466 2000 639 2068 occidente
666 2000 700 2068 in
727 2001 838 2068 senato
864 2010 897 2069 et
925 2003 1096 2074 tenditad
1124 2013 1252 2090 partem

118 2111 289 2196 aquilonis
314 2109 359 2176 ad
385 2109 550 2192 quandam
576 2115 696 2175 metam
722 2117 884 2193 terream,
919 2129 983 2194 que
1009 2111 1138 2178 scilicet
1163 2121 1253 2180 meta

4 2259 5 2274 2
119 2231 234 2290 terrea
251 2227 285 2286 ct
309 2219 472 2302 angulosa
499 2218 711 2303 procedendo
729 2218 820 2288 iuxta
846 2223 970 2286 terram
995 2220 1136 2288 filiorum
1162 2223 1254 2290 Poca

120 2327 243 2399 diuidit
259 2326 345 2394 inter
372 2331 501 2410 partem
518 2325 626 2410 ipsius
642 2325 852 2394 lobanniset
878 2335 1092 2413 cognatorum
1119 2349 1251 2399 suorum

4 2523 5 2536 χ
119 2437 347 2527 prefatorum
371 2433 494 2500 abinde
508 2459 510 2464 ’
524 2434 641 2502 transit
658 2454 717 2519 per
733 2443 897 2516 montem,
922 2437 978 2503 rbi
995 2445 1073 2504 sont
1089 2445 1175 2506 mete
1192 2445 1254 2506 ter·

120 2567 197 2635 ree,
223 2541 345 2613 exinde
360 2540 562 2610 transeundo
580 2545 745 2627 quandam
764 2545 885 2611 vallem
902 2543 1085 2613 Tekeneud
1100 2553 1254 2614 vocatam

125 2654 247 2721 iterato
264 2650 417 2721 ascendit
432 2651 466 2716 in
482 2657 634 2726 montem,
650 2650 706 2716 rbi
722 2658 799 2718 sunt
814 2651 879 2718 due
895 2661 981 2718 mete
1006 2655 1192 2722 diuidentes
1209 2655 1254 2720 in·

122 2773 171 2830 ter
186 2767 322 2846 partas;
347 2757 468 2826 deinde
486 2777 564 2825 vero
581 2759 731 2842 procedit
747 2759 792 2826 ad
809 2759 973 2842 quendam
991 2763 1108 2828 collem
1127 2763 1254 2830 Komo-

123 2869 248 2937 lcnmal
266 2868 406 2948 dictum,
431 2867 465 2933 in
482 2865 574 2932 cuius
590 2865 654 2932 fine
670 2875 755 2934 mete
783 2875 859 2936 sunt
875 2867 970 2934 iuxta
995 2871 1084 2938 viam
1100 2889 1141 2937 ex
1157 2877 1254 2958 parte

122 2975 280 3062 orientis3
306 2973 425 3042 deinde
449 2973 659 3060 postmodum
685 2975 847 3041 veniendo
865 2976 1013 3061 procedit
1037 2997 1096 3062 per
1112 2978 1254 3046 medium

4 3103 5 3122 ³
123 3085 258 3170 virgulti
286 3082 447 3151 llonomd
471 3083 582 3150 vocati
610 3083 840 3150 descendendo
867 3082 912 3150 ad
928 3083 1067 3166 vallem,
1095 3083 1152 3150 vbi
1177 3093 1254 3152 sunt

124 3203 212 3263 mete
229 3201 338 3260 terroe
365 3203 397 3257 et
423 3191 549 3258 finales.
575 3189 731 3257 Preterea
756 3191 940 3260 diuiserunt
966 3191 1114 3278 parcium
1138 3195 1250 3261 voluu-

4 3367 6 3400 ,
122 3311 192 3372 tate
208 3299 362 3368 similiter
387 3299 419 3364 in
437 3298 521 3366 duas
545 3305 658 3384 partes
673 3297 795 3364 siluam
818 3300 1003 3382 quandam,
1029 3320 1092 3382 que
1119 3307 1171 3366 est
1186 3300 1252 3367 sita

124 3434 164 3482 ex
181 3417 280 3499 parte
297 3408 414 3490 Scecb,
439 3407 482 3474 de
499 3405 589 3474 cuius
605 3406 785 3491 medietas,
813 3415 943 3491 queest
960 3427 1001 3473 ex
1017 3415 1112 3492 parto
1132 3407 1249 3475 uduor-

123 3522 286 3604 nicorum,
303 3517 440 3584 cesserit
455 3517 602 3586 Jobanni
618 3523 650 3605 et
667 3515 823 3581 iratribus
850 3517 918 3582 suis
935 3515 1144 3598 supradictis,
1170 3521 1206 3580 rt
1222 3515 1255 3579 in

4 3633 6 3716 ᾗ
123 3641 230 3713 terra,
248 3630 355 3696 altera
372 3628 468 3710 parte
483 3613 570 3710 parti
586 3625 726 3692 aduerte
744 3631 946 3690 remanente.
972 3623 1024 3689 Ad
1041 3623 1142 3690 robur
1157 3621 1256 3704 igitur

4 3773 5 3778 κ
128 3749 160 3807 et
179 3747 303 3808 statum
323 3732 573 3802 irreuoeabilem
597 3729 829 3817 disposicionis
847 3739 879 3796 et
896 3730 1068 3797 diuisionis
1084 3735 1258 3814 pretaxate

4 3847 5 3880 r
126 3859 243 3920 tenore
268 3851 452 3913 nostrarum
477 3839 660 3908 litterarum
685 3836 942 3923 presencialium
967 3839 1119 3922 apposito
1151 3836 1257 3904 eciam

4 3995 5 4008 ³
126 3957 283 4026 iudicium
301 3952 415 4020 decem
431 3967 615 4014 marcarum
632 3964 669 4014 se
686 3955 797 4032 partes
814 3965 925 4012 coram
942 3947 1038 4017 nobis
1056 3943 1256 4029 obligarunt,
1314 3999 1316 4009 .

126 4068 155 4136 si
172 4083 238 4150 que
255 4081 368 4130 earum
385 4057 428 4124 de
445 4055 608 4124 boesacto
625 4053 775 4120 resiliret.
794 4049 865 4119 Nos
877 4051 1042 4122 autemad
1057 4049 1257 4118 instanciam

4 4157 6 4202 ³
128 4175 279 4262 parcium
308 4173 482 4255 presentes
508 4163 730 4230 concessimus
751 4162 878 4227 litteras
904 4159 1007 4244 sigilli
1033 4160 1138 4226 nostri
1154 4157 1257 4224 mnni-

4 4271 5 4284 ’
128 4285 216 4350 mine
242 4279 427 4347 roboratas.
455 4269 579 4348 Datum
604 4289 692 4338 anno
721 4269 855 4336 Domini
872 4267 930 4334 M⁰.
960 4265 1037 4333 00⁰.
1056 4264 1256 4334 uxt11110.

4 4419 6 4438 >
126 4391 292 4478 Hyacinto
309 4381 496 4470 Proposito,
514 4377 674 4448 Faroasio
691 4378 845 4462 Lectore,
862 4373 973 4443 Hanta
990 4372 1146 4452 Custode,
1163 4371 1258 4460 Gbya

4 4529 6 4592 ᾗ
127 4502 265 4570 Decano
282 4489 513 4565 existentibus.

299 4635 449 4708 (Eradetie
462 4649 480 4688 a
492 4648 532 4688 su.
545 4625 670 4686 mdo-toni
683 4621 1081 4699 tilapdtsdplevdltdrdban.)
