3230 5268
586 377 748 476 „2922-

109 575 278 642 duodecim
305 594 430 642 marcas
456 576 583 644 scilicet
599 577 728 642 racione
746 578 961 662 predictorum
979 576 1070 644 Sauli
1086 583 1118 641 et
1139 575 1218 641 filio-

108 703 182 748 rum
197 704 335 768 suorum,
351 684 482 753 racione
497 684 634 754 tiliorum
646 683 774 770 Hytbus
791 693 824 751 et
839 685 896 770 filij
913 685 993 771 Ysip
1010 684 1219 771 prefatorum,

109 811 253 860 marcam
271 813 348 860 uero
366 798 399 858 et
415 793 583 860 dimidiam
601 813 659 878 pro
676 793 854 861 Benedicto
868 791 935 862 tilio
951 793 1032 878 Ysip
1044 793 1221 876 antedicti;

1 885 2 898 ¹
111 901 168 982 qui
191 900 385 966 Benedictus
410 908 554 986 tempore
579 902 739 986 presentis
765 901 832 968 litis
857 921 992 986 presens
1018 919 1082 966 non
1108 900 1222 974 fuerat,

1 1077 2 1116 ,
108 1016 204 1095 prout
218 1017 329 1092 partes
345 1011 533 1094 recitarunt,
548 1016 584 1074 vt
599 1010 627 1075 si
642 1009 785 1092 redierit,
820 1029 877 1076 seu
893 1010 1074 1093 ubicunque
1092 1025 1222 1074 manere

110 1117 265 1198 uoluerit,
292 1125 450 1202 perpetua
473 1117 617 1203 gaudeat
643 1118 804 1184 libertate.
830 1118 955 1197 Quibus
972 1123 1110 1202 receptis
1135 1116 1222 1184 idem

110 1225 227 1292 Comes
244 1226 354 1311 Erney
370 1225 501 1294 omnino
519 1232 700 1310 contentus,
712 1245 779 1293 vna
790 1245 862 1292 com
873 1227 986 1295 eodem
997 1225 1122 1292 domito
1132 1225 1222 1312 Syke
1297 1315 1299 1318 Ι

111 1353 219 1400 coram
230 1332 324 1400 nobis
340 1335 542 1418 reliquerunt
556 1333 722 1419 predictos
739 1333 872 1400 Saulum
888 1343 921 1400 et
936 1332 1019 1400 filios
1037 1354 1123 1417 suos,
1141 1333 1225 1400 filios

107 1441 203 1527 Ysip,
220 1450 251 1507 et
266 1442 349 1508 tilios
366 1441 483 1508 Hithus
499 1442 739 1530 suprascriptos
757 1443 790 1508 in
807 1443 868 1509 bac
884 1451 977 1530 parte
994 1441 1175 1528 expeditos,
1191 1449 1224 1508 et

107 1551 335 1619 uniuersaliter
352 1551 532 1637 absolutos,
549 1553 663 1638 stipsi
679 1561 712 1618 et
728 1559 798 1620 tota
814 1554 955 1638 ipsorum
967 1553 1156 1619 successise
1167 1572 1223 1636 po·

107 1658 236 1724 steritas
248 1659 383 1726 liberam
395 1659 592 1744 ubicumque
602 1661 756 1727 uolierint
767 1658 848 1748 (tgy)
860 1660 1013 1728 manendi
1024 1661 1167 1727 babeant
1176 1659 1221 1725 sa-

109 1767 283 1852 cultatem,
300 1777 517 1852 assumentes,
529 1771 755 1854 etquicunque
768 1769 870 1856 ipsos,
886 1789 944 1837 seu
963 1769 1101 1837 heredes
1119 1788 1226 1836 eorum

108 1873 240 1941 racione
257 1875 419 1943 libertatis
435 1895 492 1943 sue
510 1877 688 1964 impeteret,
706 1878 770 1964 ipsi
786 1879 896 1965 Eruey
913 1883 945 1944 et
964 1880 1057 1966 Syke
1082 1878 1224 1945 Comites

1 2053 2 2056 Ἴ
108 2001 147 2045 ac
174 1982 313 2052 heredes
340 1985 482 2069 ipsorum
509 1985 662 2071 expedire
687 1987 882 2054 tenebuntur
898 1987 1040 2074 propriis
1057 1985 1224 2054 laboribus

109 2097 139 2155 et
157 2094 320 2177 expensis.
338 2095 381 2160 Vt
397 2095 496 2177 igitur
512 2115 648 2180 presens
664 2095 801 2162 libertas
822 2095 918 2162 salua
935 2101 968 2161 et
985 2095 1174 2161 inconuulsa
1190 2093 1224 2159 in

1 2239 2 2248 κ
108 2207 298 2288 perpetuum
324 2203 521 2287 obstruetur,
548 2211 718 2290 presentes
745 2203 893 2273 dedimus
909 2201 1035 2270 litteras
1052 2203 1152 2288 sigilli
1168 2223 1224 2269 no-

108 2311 169 2375 stri
184 2312 362 2378 monimine
378 2313 563 2398 roboratas,
589 2335 675 2380 anno
691 2314 824 2381 Domini
841 2307 886 2379 M·
902 2309 971 2379 00⁰
986 2309 1112 2378 [ux-mo
1129 2331 1224 2377 nono.

108 2415 265 2502 Obepano
291 2421 480 2508 Prepesito,
505 2423 653 2491 Jurlrcue
679 2421 833 2506 Oantore,
850 2420 991 2488 Hectore
1008 2419 1150 2488 custode
1165 2419 1224 2486 Ec-

107 2525 208 2593 oleuie
226 2533 336 2595 nostre
352 2529 578 2597 existentibus.

108 2721 146 2790 (A
159 2723 297 2796 poasonyi
319 2723 519 2796 kdptalannsk
540 2743 714 2799 ugyanauon
736 2724 783 2782 evi
796 2723 960 2795 tmsttbol,
974 2725 1048 2796 moly
1062 2723 1196 2782 driutetik
1209 2741 1227 2778 a

107 2814 246 2886 possonyi
267 2813 405 2886 heptalan
427 2815 561 2889 orsubgos
581 2814 789 2886 levdltdrdban,
804 2815 903 2888 Capsa
915 2815 991 2870 xlv.
1004 2814 1087 2872 Faue·
1101 2817 1126 2872 1.
1139 2813 1186 2871 Νι.
1201 2814 1226 2870 i.

547 2907 641 2961 Kaous
658 2909 792 2974 nesso.)
