3250 5268
431 1209 454 1274 l
457 1205 491 1274 V.
511 1203 652 1271 Kelemeu
665 1204 754 1290 pcipe
770 1198 932 1274 reuulclctc,
949 1197 1030 1284 iropy
1056 1195 1183 1263 Fari-au
1209 1209 1328 1284 mester,
1352 1197 1485 1282 tis-otpt
1510 1195 1558 1263 al·

431 1311 629 1396 cunctatior,
654 1305 932 1394 scetes-seleucum
947 1307 1142 1394 prepostouk
1164 1305 1403 1389 celentereos,
1420 1327 1441 1368 o
1466 1307 1557 1391 popu

732 1418 861 1484 neoibers
876 1415 1133 1505 meyeriisitesaelo.
1154 1417 1248 1480 1266.

544 1620 697 1689 clemens
723 1615 908 1705 Episcopus
932 1621 995 1684 etc.
1038 1614 1287 1684 venerabilibus
1321 1612 1482 1682 iratribus
1510 1659 1543 1676 ..

429 1729 697 1816 Archieplscopo
728 1725 944 1812 strigoniensi
971 1732 1004 1792 et
1027 1725 1213 1814 'lymutheo
1238 1719 1458 1808 Zagrabiensi
1482 1721 1559 1808 Epi-

430 1857 542 1925 scopo,
561 1839 700 1907 salutem
718 1841 779 1904 etc.
797 1833 849 1901 Ad
864 1839 1013 1904 nostrum
1036 1836 1184 1922 pervenit
1198 1834 1357 1918 auditum,
1374 1830 1466 1915 quod
1482 1831 1556 1898 Pre

427 1949 576 2034 positura
591 1945 746 2034 Albensis
776 1945 950 2030 Ecclesia,
977 1941 1021 2012 ad
1045 1945 1228 2012 Romanam
1253 1941 1440 2009 Ecclesiam
1466 1939 1557 2007 nullo

428 2055 536 2126 medlo
553 2055 759 2144 pertinentis,
777 2055 854 2124 olim
870 2059 1020 2140 vacante,
1038 2053 1151 2123 dilecti
1174 2053 1234 2120 filii
1257 2051 1445 2140 Capitulum
1471 2050 1557 2118 eius·

429 2163 505 2231 dem
546 2164 694 2232 Ecclesie
734 2164 926 2248 magistrum
950 2161 1184 2248 Farchasium,
1218 2157 1556 2230 vice-Ganccllarium

425 2269 586 2341 carissimi
602 2273 636 2340 in
653 2269 791 2339 Christo
805 2267 865 2337 filii
880 2272 983 2338 nostri
998 2267 1109 2359 B(cle)
1120 2271 1222 2356 Regis
1232 2271 1381 2357 Ungarie
1397 2267 1555 2353 illustris,

419 2380 460 2448 'iu
475 2380 680 2466 Propositum
706 2379 810 2467 ipsius
829 2379 988 2466 Ecclesie,
1006 2387 1106 2465 prout
1121 2380 1296 2466 spectabat
1312 2380 1354 2446 ad
1371 2396 1439 2464 eos,
1457 2397 1556 2446 eano-

426 2489 500 2558 nioe
515 2510 555 2558 ac
571 2487 781 2559 concorditer
812 2489 1000 2574 elegerunt:
1027 2487 1087 2556 sed
1114 2491 1199 2558 idem
1225 2487 1360 2559 Electus
1385 2487 1556 2556 confirma·

426 2597 547 2669 tionem
563 2597 733 2669 electionis
749 2597 846 2666 huius
861 2599 1042 2684 petiturus,
1068 2599 1161 2668 iuxta
1178 2597 1283 2668 felicis
1309 2595 1553 2667 recordationis

426 2706 551 2779 Urbani
565 2707 658 2796 Pape
683 2707 929 2792 predecessoris
950 2708 1055 2777 nostri
1081 2707 1343 2795 beneplacitum,
1369 2705 1416 2774 ad
1432 2701 1556 2774 Sedem

428 2815 652 2904 Apostolicam
676 2819 837 2886 accedere
862 2818 1083 2903 pretermisit,
1110 2818 1195 2886 sicut
1217 2837 1278 2886 nec
1293 2813 1554 2902 ipse'commode

426 2925 542 3012 potuit,
558 2925 614 3009 qui
630 2921 758 2994 ratione
774 2927 939 2998 commissi
956 2927 1018 2994 sibi
1044 2925 1316 2996 vicecancellarie
1333 2923 1435 2994 officii
1460 2925 1555 2994 circu

428 3035 600 3104 memorati
625 3033 727 3120 Regis
754 3039 826 3102 erat
849 3036 983 3123 negotia
1008 3041 1195 3124 occupatus.
1220 3037 1289 3102 Nos
1314 3041 1426 3104 autem
1450 3029 1553 3120 Regis

429 3143 563 3212 obtentu
578 3142 728 3231 predicti,
746 3145 802 3228 qui
817 3163 877 3230 pro
893 3143 965 3234 ipsu
991 3144 1274 3213 vicecancellario
1300 3165 1359 3214 suo
1386 3143 1553 3230 Apostoli-

427 3273 500 3323 cam
515 3251 550 3321 in
565 3253 630 3320 lrac
646 3259 741 3338 parte
767 3253 907 3342 gratiam
924 3254 1115 3340 specialiter
1131 3259 1257 3323 attenta
1273 3273 1406 3342 precum
1422 3253 1551 3321 instan-

425 3363 474 3432 tia
487 3362 653 3452 implorat,
670 3363 808 3432 eundem
825 3361 1139 3434 vicecancelleuium
1165 3383 1263 3454 super
1288 3365 1352 3432 hoc
1376 3361 1551 3432 intenden-

425 3479 476 3543 tes
491 3473 645 3561 prosequi
669 3473 823 3561 gratiose,
840 3473 1044 3558 mandamus,
1070 3480 1229 3558 quatenus
1253 3478 1425 3562 postquam
1452 3492 1552 3562 nego-

425 3585 503 3652 tium
526 3581 760 3670 Zagabrieusis
783 3585 934 3652 Ecclesia
960 3581 1053 3654 iuxta
1079 3583 1215 3654 formam
1227 3636 1237 3671 ,
1258 3603 1322 3670 que
1348 3581 1423 3672 tibi,
1448 3583 1552 3652 frater

425 3691 691 3784 archiepiscopo,
707 3713 766 3782 por
791 3693 876 3762 alias
901 3699 1032 3764 nostres
1057 3694 1195 3763 traditur
1218 3691 1357 3778 litteras,
1383 3691 1484 3762 fuerit
1499 3713 1551 3760 ex·

424 3799 581 3890 peditum,
597 3800 684 3887 quod
699 3801 908 3871 uehementer
923 3803 1013 3872 cordi
1029 3809 1142 3872 nostro
1159 3799 1311 3870 inherens
1338 3801 1383 3870 acl
1399 3799 1552 3870 eteorum

425 3907 559 3997 perduoi
575 3917 728 3999 optamus
742 3913 891 3981 celeriter
908 3917 1129 3999 expectatum,
1151 3913 1180 3980 si
1207 3911 1453 3981 examinatione
1478 3908 1552 3978 uili·

426 4019 518 4106 genti
542 4021 721 4108 premissa,
755 4021 950 4092 electionem
980 4023 1088 4110 ipsum
1118 4023 1311 4091 inveneritis
1343 4019 1385 4090 <le
1409 4041 1555 4110 pemeus

425 4129 558 4216 ydonee
574 4129 795 4217 celebratam,
822 4151 887 4218 que
910 4133 997 4202 alias
1023 4133 1184 4204 asseritur
1208 4132 1368 4201 canonica
1383 4131 1549 4218 extitisse,

423 4237 669 4324 nonobstante,
687 4235 776 4324 quod
792 4241 945 4328 predicta
962 4241 1162 4312 confirmatio
1189 4241 1276 4312 inira
1300 4246 1431 4329 tempos
1457 4239 1550 4311 debi-

423 4353 492 4416 tum
508 4347 551 4416 ab
567 4345 684 4416 eadem
698 4350 779 4417 sede
795 4351 967 4437 postulata
982 4370 1046 4418 non
1062 4351 1194 4436 extitit,
1211 4351 1410 4420 auctoritate
1436 4355 1551 4420 nostre

424 4457 621 4528 electionem
638 4457 836 4527 confirmetis
864 4459 1002 4540 eandem
1011 4507 1022 4546 ,
1038 4481 1079 4529 ac
1095 4459 1204 4548 ipsum
1217 4459 1369 4530 Electum
1384 4479 1444 4546 pro
1462 4462 1546 4530 eins

426 4563 502 4633 dem
525 4565 676 4634 Ecclesia
700 4567 818 4637 haberi
842 4570 1012 4658 Proposito
1038 4577 1072 4640 et
1094 4570 1244 4654 tractari,
1271 4569 1399 4655 sibique
1425 4569 1460 4637 in
1485 4569 1548 4638 hiis

427 4669 554 4740 obediri
569 4693 611 4744 ao
626 4674 765 4762 intendi,
782 4696 846 4762 que
862 4677 906 4746 ad
928 4678 1092 4765 Prepositi
1107 4679 1254 4749 Ecclesie
1269 4677 1374 4764 ipsius
1402 4675 1547 4747 officium
