3270 5280
602 343 761 444 A„

110 538 286 606 reddimur
304 540 403 606 corde
416 538 561 620 solliciti,
588 547 625 604 ut
649 539 738 604 cirea
754 539 973 624 provisionem
991 539 1177 609 huiusmodi
1193 539 1239 606 ia·

106 646 265 713 ciendam
282 647 450 714 fructuose
466 647 658 714 attentionis
674 645 815 712 studium
829 645 999 714 habeatur.
1016 649 1105 716 Sane
1120 649 1242 733 Zagro-

103 753 221 820 biensi
237 753 392 821 Ecclesia
407 754 564 840 Episcopi
579 753 705 822 solacio
720 753 888 837 destituta,
913 754 1051 822 dilectus
1066 754 1151 821 filius
1167 755 1241 822 Pre-

69 934 73 940 ,
104 862 241 944 positus
260 867 294 928 et
310 860 493 947 Capitulum
520 862 625 948 ipsius
651 860 799 928 Ecclesie
815 862 1048 928 convenientes
1071 861 1105 928 in
1131 881 1241 948 unum,

104 969 256 1054 Spiritus
281 970 396 1038 Sancti
420 968 528 1053 gratia
552 972 715 1052 invocate,
744 968 898 1039 dilectum
917 968 1019 1038 tilium
1035 968 1239 1056 Stephanum

105 1075 332 1163 Capelianum
356 1087 511 1162 nostrum,
540 1085 692 1164 nepotem
716 1078 917 1146 venerabilis
932 1077 1043 1144 fratris
1059 1078 1163 1146 nostri
1179 1126 1188 1144 .
1206 1125 1239 1146 ..

107 1185 274 1274 Episcopi
299 1187 494 1273 Penestrini,
520 1189 725 1274 Propositum
753 1187 903 1253 Ecclesia
928 1187 1152 1272 Potonionsis,
1177 1207 1239 1273 pe·

109 1296 254 1361 tientem
268 1297 303 1362 in
320 1301 408 1364 etate
424 1293 599 1378 deiectum,
615 1297 648 1362 in
665 1295 920 1379 Zagrabiensem
946 1296 1142 1382 Episcopum
1159 1315 1240 1363 una·

108 1403 245 1469 nimiter
261 1411 294 1470 et
309 1403 514 1473 concorditer
530 1405 747 1491 postularunt.
767 1401 835 1469 Nos
851 1412 961 1471 antem
977 1410 1169 1488 presentata
1184 1423 1239 1470 no·

111 1509 166 1576 bis
182 1511 407 1597 postulatione
419 1512 615 1596 huiusmodi,
625 1510 842 1598 provisionem
858 1517 891 1579 et
900 1511 1136 1580 ordinationem
1153 1512 1239 1579 eius·

110 1615 189 1684 dem
208 1617 463 1703 Zegrebriensis
479 1619 630 1687 Ecclesie
650 1618 738 1687 dicto
754 1619 920 1704 Episcopo
936 1619 1129 1687 Penestrino
1145 1618 1237 1685 duxi·

109 1745 185 1794 mus
201 1727 462 1796 committendas.
495 1733 537 1798 Et
552 1727 630 1794 licet
645 1727 677 1792 in
695 1725 809 1794 eodem
829 1726 996 1813 Stephano
1012 1725 1239 1812 imperfectum

110 1839 214 1904 etatis
231 1835 400 1922 suppleret
415 1835 545 1920 generis
562 1842 596 1902 et
615 1853 739 1901 morum
756 1833 922 1920 nobilitas,
940 1841 1069 1902 matura
1084 1833 1238 1902 discretio

110 1955 145 2014 ct
161 1947 302 2012 seientia
327 1945 497 2030 litteralis;
525 1951 637 2012 tamen
652 1941 819 2030 predictus
844 1943 1036 2030 Episcopus,
1064 1941 1180 2010 nolens
1195 1939 1239 2006 ed

113 2073 250 2122 carnem
269 2059 302 2122 et
318 2053 512 2138 sanguinem
537 2051 661 2121 babere
683 2057 876 2137 respectum,
893 2049 935 2116 de
950 2057 992 2130 te,
1009 2055 1085 2116 tunc
1100 2046 1238 2115 Subdin-

112 2181 197 2230 oono
213 2169 247 2228 et
261 2163 444 2248 capellano
469 2167 590 2242 nostro,
616 2157 860 2227 Archidiacono
884 2159 927 2228 de
941 2158 1024 2226 Zela
1038 2157 1072 2224 in
1088 2155 1239 2224 Ecclesia

112 2270 352 2358 vesprimiensi
377 2276 411 2337 et
435 2269 601 2338 canonico
621 2267 846 2353 Zagrebieusi
861 2267 1008 2352 predicte
1023 2260 1238 2349 Zagrabieusi

112 2379 278 2465 Ecclesie,
296 2379 488 2445 auctoritate
505 2377 569 2444 sibi
584 2395 605 2443 a
621 2375 717 2443 nobis
732 2374 766 2440 in
783 2377 845 2441 hac
860 2381 953 2459 parte
970 2372 1120 2456 comissa,
1131 2371 1237 2458 provi-

110 2485 170 2555 dit
187 2488 259 2558 Nos
275 2489 386 2570 itaque
402 2487 445 2554 de
461 2493 519 2553 tua
533 2483 743 2571 providentia
759 2489 793 2549 et
804 2477 1091 2565 circumspectione
1106 2478 1238 2566 plenam

111 2599 147 2663 in
165 2595 306 2664 Domino
316 2594 469 2662 fiduciam
484 2590 680 2674 obtinentes,
699 2587 884 2657 huiusmodi
899 2585 1130 2672 provisionem,
1140 2603 1237 2670 quem

109 2705 221 2773 eidem
235 2701 452 2792 Zagrsbiensi
477 2699 629 2769 Ecclesia
654 2697 868 2784 cognorimus
893 2695 1058 2781 expedire,
1083 2699 1189 2761 ratam
1205 2700 1237 2759 et

109 2822 243 2900 gratam
266 2811 460 2899 habuimus,
487 2818 520 2878 ct
545 2829 618 2876 eam
644 2805 839 2878 anctoritate
867 2803 1061 2888 Apostolice
1085 2801 1236 2869 duximus

110 2923 381 3009 confirmandam,
407 2943 447 2990 sc
471 2919 680 2989 nibilominus
695 2923 730 2984 te
746 2915 787 2982 de
802 2913 937 2980 fratrum
963 2916 1146 2978 neruorum
1161 2928 1236 2976 eon·

111 3033 190 3098 silio
218 3039 252 3098 et
276 3031 466 3118 Apostolice
491 3025 695 3117 plenitudine
720 3021 894 3109 potestatis
919 3019 1049 3105 pretate
1064 3015 1237 3099 Zagrabri·

110 3139 184 3207 ensi
202 3139 353 3207 Ecclesie
379 3137 577 3222 prefecimus
602 3137 636 3202 in
662 3133 860 3219 Episcopum
887 3136 922 3195 et
943 3134 1119 3214 pastorem,
1144 3123 1237 3190 firma

110 3257 273 3336 concepta
287 3246 418 3333 fiducia,
442 3247 529 3330 quod
551 3246 656 3312 eidem
672 3236 888 3326 zagabriensi
904 3234 1055 3302 Ecclesie
1070 3250 1128 3320 per
1143 3239 1235 3298 tuum

109 3357 326 3426 ministerium
343 3353 569 3444 prosperitatis
586 3361 618 3420 et
632 3349 777 3434 honoris,
794 3346 865 3413 Deo
878 3343 1029 3432 propitio,
1047 3338 1236 3408 desiderata

110 3466 307 3553 proveniant
323 3467 534 3532 incrementa.
551 3461 713 3541 Quocirca
728 3453 959 3525 discretionem
975 3457 1065 3517 tuam
1082 3465 1236 3534 rogamus

110 3581 144 3641 ct
166 3573 336 3644 hortamur
361 3577 494 3654 attente,
520 3567 735 3648 mandantes,
761 3567 923 3646 quatenus
949 3555 1111 3624 humiliter
1134 3553 1235 3620 susci·

111 3683 208 3767 piens
224 3680 411 3768 impositum
435 3698 456 3744 a
479 3676 622 3744 Domino
647 3671 707 3740 tibi
731 3687 823 3754 onus,
840 3665 986 3752 predicte
1001 3659 1235 3748 zagabriensis

112 3792 263 3860 Ecclesie
289 3788 461 3858 sollicitem
488 3802 598 3850 curam
621 3798 726 3868 geras,
754 3791 885 3860 gregem
913 3769 1109 3838 dominicum
1126 3767 1235 3834 inille

112 3903 175 3969 tibi
207 3897 422 3980 commissum,
449 3892 599 3961 doctrina
624 3887 717 3957 verbi
743 3894 775 3952 et
800 3880 909 3968 operis
936 3873 1161 3959 informando;
1187 3873 1236 3938 ita

113 4010 201 4094 quod
217 4006 368 4094 predicta
392 4001 545 4069 Ecclesia
571 4007 623 4065 tue
646 3993 817 4077 diligentie
833 3987 942 4057 studio
960 3982 1185 4071 spiritualibus
1201 3987 1235 4047 et

112 4113 361 4205 temporalibus,
377 4117 511 4178 auctore
527 4105 678 4188 Domino,
697 4097 848 4188 proficiat
861 4091 1081 4163 incrementis.
1112 4090 1234 4158 Datum

110 4225 203 4316 apud
220 4221 342 4292 Urbem
366 4215 521 4286 Veterem
546 4211 635 4281 VIII.
663 4207 742 4278 Kal.
767 4203 920 4274 Octobris
937 4195 1163 4286 (Pontificatus
1179 4213 1233 4262 no-

108 4332 184 4424 stri)
199 4350 289 4402 anuo
304 4327 409 4397 tertio.

218 4441 259 4508 Iu
275 4457 303 4505 e.
320 4457 363 4503 m.
381 4482 389 4500 .
406 4482 414 4500 .
431 4481 439 4498 .
457 4428 627 4517 Proposito
644 4433 677 4493 et
693 4421 845 4510 capitulo
863 4414 1089 4500 zagabriensi.
1121 4408 1230 4478 Ratio-

107 4553 159 4620 nis
176 4546 415 4619 comisatum
440 4541 474 4606 in
500 4537 582 4619 elia,
606 4533 717 4602 serbis
736 4531 955 4614 competenter
970 4519 1114 4604 mumtis,
1130 4534 1232 4601 usque

105 4657 264 4748 procidit.
282 4651 353 4721 Nos
367 4653 480 4732 itaque
496 4643 713 4726 attendentes,
730 4635 816 4723 quod
832 4632 936 4703 cidem
952 4629 1109 4716 Magistro
1125 4623 1231 4692 Eiuro·
