3270 5280
929 358 951 426 6

369 556 454 620 ciam
472 553 619 639 ejusdem
644 553 796 619 duximus
813 552 1035 620 inserendam.
1066 551 1209 630 Quarum
1227 549 1358 634 quidem
1367 555 1496 616 senten-

366 770 502 852 Zonuk‚
535 768 702 836 Curulium
733 767 897 838 conicum
926 775 958 837 et
979 769 1197 856 jobagicnum
1226 767 1373 836 eiusdem
1399 773 1497 838 castri

369 877 499 962 penitus
516 877 582 943 sint
599 879 721 945 exemti
736 880 798 964 ite,
816 879 902 962 quod
923 880 1013 964 ipsos
1029 877 1159 969 omnino
1175 896 1240 944 non
1265 879 1393 964 possint
1417 878 1497 945 iudi-

367 1005 444 1052 care
454 1035 463 1069 ‚
481 985 539 1052 scd
555 984 677 1053 iudicet
694 988 828 1055 eosdem
845 988 973 1055 villicus
985 988 1139 1074 ipsorum,
1165 1006 1228 1071 pre
1247 1001 1393 1073 tempore
1419 1009 1494 1056 con·

366 1095 497 1161 stitutus
515 1142 525 1176 ‚
542 1095 576 1160 in
593 1095 701 1162 censis
718 1095 869 1164 omnibns
905 1097 990 1162 inter
1015 1097 1106 1183 ipsos
1123 1096 1266 1185 exortis,
1292 1117 1414 1166 causus
1440 1118 1495 1164 nu-

366 1207 441 1284 tem,
459 1220 542 1284 ques
559 1202 728 1268 commode
753 1223 819 1269 non
845 1211 959 1290 posset
984 1205 1171 1282 terminare,
1200 1209 1311 1272 nostro
1334 1204 1496 1288 relinquet

362 1308 489 1390 jndicio
507 1307 719 1377 decidendas.
742 1311 900 1380 Similiter
916 1312 1021 1378 eciem
1046 1331 1165 1380 causas
1193 1319 1441 1398 extraneorum,
1465 1313 1496 1380 si

365 1415 487 1482 ibidem
504 1417 633 1500 aliquas
649 1418 817 1504 continget
840 1419 982 1504 habere,
1007 1421 1096 1488 idem
1120 1421 1249 1487 villicus
1275 1421 1387 1488 valeat
1411 1421 1494 1488 iudi·

365 1539 441 1590 care
458 1529 492 1588 et
506 1543 571 1589 non
588 1523 683 1590 alius.
715 1527 796 1592 Item
813 1527 905 1593 iuxta
921 1527 1107 1594 libertatem
1123 1529 1165 1594 de
1189 1526 1312 1595 Zoloch
1337 1534 1370 1595 ct
1394 1529 1492 1596 Zeth-

366 1630 498 1696 mered
515 1630 693 1698 exercitum
709 1640 856 1703 nostrum
873 1634 1005 1719 uenire,
1033 1643 1066 1702 et
1091 1637 1261 1704 nobiscum
1287 1637 1492 1704 exercituum

364 1741 549 1804 teneantur.
582 1739 627 1806 Ut
642 1747 751 1808 autem
769 1742 830 1810 hec
846 1745 990 1830 ipsorum
1007 1745 1146 1813 libertas
1162 1743 1258 1811 salua
1275 1765 1404 1832 semper
1421 1765 1492 1831 per-

362 1850 495 1910 maneat
512 1853 544 1913 et
560 1847 773 1933 inconcussa,
793 1872 852 1918 nec
869 1854 1084 1937 imposterum
1100 1871 1159 1939 per
1175 1855 1359 1939 quempiam
1380 1859 1494 1926 ualent

362 1951 497 2037 uiolari,
526 1963 699 2040 presentes
724 1964 854 2028 nostres
880 1961 1003 2028 eisdem
1030 1961 1250 2030 concessimus
1281 1963 1421 2049 duplicis
1448 1965 1490 2032 si.

364 2059 434 2142 gilli
451 2061 555 2126 nostri
573 2065 747 2130 munimine
764 2067 946 2135 roboratas.
979 2068 1098 2135 Delum
1117 2090 1177 2156 per
1200 2090 1316 2138 manus
1342 2075 1489 2158 magistri

363 2165 535 2233 Benedicti
562 2171 724 2255 Prepositi
741 2174 972 2260 Scibiniensis,
999 2179 1074 2244 aule
1090 2185 1202 2247 nostre
1229 2180 1491 2251 Vise-Cancellu-

362 2273 424 2351 rii,
450 2294 536 2340 enno
553 2274 722 2347 Dominiee
740 2281 989 2349 Incarnacionis
1005 2283 1155 2352 mdcix
1170 2288 1286 2372 primo.

367 2465 508 2534 (Teutsch
521 2467 551 2524 ds
565 2469 725 2528 Fimheber
748 2462 982 2532 Urluudcnbuch
1005 2495 1058 2535 zur
1082 2480 1301 2542 Geschichichte
1323 2484 1482 2542 Siebenbtlr

810 2581 889 2636 gens.
910 2567 932 2621 l.
945 2569 973 2623 k.
986 2570 1029 2624 72.
1041 2569 1074 2640 1.)
