3230 5268
878 952 954 1020 loo.

361 1175 394 1242 V.
414 1175 520 1237 Ictodn
543 1172 650 1258 kirtly
674 1171 851 1256 maperdettr‘
874 1170 894 1234 1
901 1169 935 1234 V.
962 1168 1110 1234 Helenae
1137 1171 1285 1242 reso-ei,
1302 1193 1323 1233 a
1333 1191 1486 1254 pannon-

418 1281 518 1346 bolme'
533 1285 668 1371 opdtadp
683 1278 997 1365 addszabodcdpdrdl
1013 1279 1098 1342 sadld
1112 1279 1293 1364 olomdnycit.
1311 1279 1412 1342 1270.

459 1493 646 1579 Stephanus
671 1493 734 1560 Dei
759 1494 874 1577 gracia
901 1491 1092 1577 Huugarie,
1120 1493 1312 1577 Dalmaoie,
1329 1493 1486 1576 Oroacie,

352 1609 455 1672 &me
464 1653 473 1688 ,
489 1604 621 1684 Seruio,
639 1602 799 1681 Gallicis,
827 1600 1023 1670 Lodomcrie
1033 1651 1042 1684 ,
1059 1600 1239 1685 Cumania,
1257 1601 1488 1687 Bulgarieque

353 1715 426 1780 Rex
455 1713 603 1780 omuibus
628 1717 694 1778 tam
719 1709 927 1796 presentibus
944 1729 1043 1793 quam
1058 1710 1175 1778 futuris
1191 1717 1375 1796 presentem
1390 1709 1489 1798 pagi·

353 1843 426 1890 uam
442 1822 637 1908 inspecturis
655 1819 793 1887 salntem
818 1820 853 1886 iu
870 1819 988 1886 salutis
1004 1821 1171 1904 largitore.
1187 1821 1239 1888 Ad
1255 1820 1488 1888 uniuersorum

357 1931 513 2002 noticiam
538 1931 654 1997 barum
680 1929 764 1996 serie
790 1929 938 1995 volumus
955 1929 1136 2014 pervenire,
1153 1928 1241 2012 quod
1258 1948 1329 1995 cnm
1346 1933 1488 2013 propter

356 2038 544 2108 deuotionis
561 2045 672 2105 nostre
687 2038 849 2105 feruorem
864 2037 1100 2104 Monasterium
1115 2038 1209 2104 Beati
1224 2037 1354 2105 Martini
1371 2037 1413 2102 de
1425 2036 1486 2105 Sa-

356 2169 410 2216 cro
434 2149 545 2215 Monte
573 2145 743 2213 Pannonio
769 2145 1018 2213 diuertissemus
1043 2145 1189 2230 visitare,
1216 2144 1418 2212 venerabilis
1435 2145 1486 2211 vir

358 2253 673 2332 Benilaeiusnthas
684 2254 878 2322 Monasterii
889 2254 1034 2322 eiusdem
1044 2257 1129 2322 inter
1140 2262 1251 2322 cetera
1261 2254 1361 2338 ipsius
1372 2253 1486 2320 liona-

356 2365 447 2432 sterii
458 2363 635 2450 priuilegia
646 2361 794 2429 exhibuit
805 2362 901 2430 uobis
908 2364 1116 2447 priuilegium
1127 2363 1484 2431 dominchlelllustris

357 2473 459 2559 Regis
470 2470 839 2556 Hungaricfelieissime
856 2471 1110 2557 recordationis,
1128 2473 1294 2541 karissimi
1310 2471 1416 2556 patris
1428 2491 1485 2536 nc-

357 2584 428 2665 stri,
444 2581 559 2647 datnm
576 2598 675 2665 super
692 2579 846 2648 libertate
864 2581 1180 2648 condicionariorum
1196 2583 1300 2669 ipsius
1316 2581 1484 2648 llonaste·

359 2692 420 2774 rii,
446 2696 601 2776 quantum
627 2686 670 2756 ad
696 2687 905 2756 collectarum
923 2690 1118 2775 solutiones,
1146 2691 1316 2758 continens
1332 2690 1420 2758 buno
1437 2697 1484 2755 te·

357 2817 474 2868 norem
492 2821 499 2861 :
708 2821 726 2858 x

464 2910 546 2977 Bela
562 2907 603 2973 D.
620 2929 651 2994 g.
668 2910 836 2993 Hungerie
860 2909 924 2976 stb.
952 2909 1021 2975 Rex
1045 2909 1106 2976 stb.
1133 2916 1312 2986 (kevetkeztk
1336 2917 1386 2972 lv.
1412 2915 1485 2972 Bere

358 3026 452 3097 kirtly
470 3024 582 3088 1269·ki
598 3025 738 3097 okmttnyc
754 3026 824 3080 mint
839 3025 942 3080 fenebb
968 3032 1029 3089 129,
1046 3045 1083 3080 sz.
1100 3023 1138 3094 a.)

467 3127 537 3193 Nos
562 3127 676 3209 itaque
702 3145 744 3190 ex
761 3123 867 3191 officio
892 3126 1038 3211 suscepti
1054 3125 1221 3211 regiminis
1237 3126 1340 3192 nostri
1356 3127 1482 3193 vnieui·

359 3254 434 3319 que,
450 3233 537 3318 quod
562 3253 654 3300 suum
670 3239 730 3314 est,
756 3234 893 3300 reddere
908 3236 1086 3319 cupientes,
1103 3253 1300 3318 quamquam
1319 3235 1483 3302 uniuersis

362 3344 540 3412 debeamus
557 3362 670 3410 manus
687 3342 818 3426 Regalis
842 3343 1064 3410 munificencia
1080 3345 1219 3429 aperire,
1245 3343 1417 3410 Ecclesiae
1434 3351 1481 3410 ta-

361 3472 437 3518 men
463 3453 525 3518 Dei
550 3457 580 3518 et
607 3451 742 3538 populos
769 3452 834 3518 illis
851 3451 1020 3520 subiectos
1037 3453 1069 3517 in
1087 3452 1153 3518 suis
1171 3453 1321 3518 volentes
1338 3453 1482 3536 antiquis

359 3559 566 3628 libertatibus
583 3559 798 3646 indempuiter
823 3579 1033 3637 conseruare,
1061 3561 1328 3644 predecessorum
1356 3569 1482 3630 nostro.

360 3687 429 3734 rum
446 3668 593 3751 vestigiis
619 3667 805 3752 inherendo,
823 3668 888 3735 iam
906 3669 1025 3734 dictum
1042 3669 1248 3754 priuilegium
1264 3670 1409 3753 presenti
1424 3691 1480 3756 pe·

360 3775 435 3862 gine
464 3776 505 3842 de
529 3776 629 3841 verbo
656 3775 861 3842 adverbum
887 3777 987 3843 inseri
1013 3777 1183 3862 facientes,
1199 3783 1306 3845 ratum
1322 3777 1480 3848 babentes

363 3883 599 3969 confirmamus,
625 3885 774 3952 volentes
797 3891 830 3951 et
845 3886 1008 3971 solempni
1024 3886 1130 3954 edicto
1147 3893 1339 3973 statuentes,
1355 3897 1390 3953 ut
1404 3909 1479 3956 con·

362 3993 541 4062 diciouarii
566 3992 712 4062 eiusdem
736 3995 886 4063 Ecclesie
911 3997 1008 4064 Beati
1031 3995 1161 4064 Martini
1185 3998 1219 4064 in
1238 3998 1352 4082 Regno
1367 4001 1479 4065 nostro

361 4101 545 4186 rbiouuque
555 4101 733 4172 existentes
744 4104 787 4170 ad
798 4123 909 4173 omues
920 4106 1088 4190 collectas,
1099 4105 1210 4174 tallias
1227 4111 1261 4172 et
1275 4107 1477 4190 exactiones,
1585 4167 1588 4174 .

362 4233 444 4298 quas
458 4233 516 4299 per
525 4215 674 4295 Regnum
690 4219 845 4297 nostrum,
857 4216 943 4284 sicut
953 4216 1189 4299 consueuimus,
1205 4215 1315 4283 lacere
1329 4235 1389 4282 nos
1405 4235 1476 4282 con·

362 4323 481 4405 tingat,
508 4321 579 4388 siue
604 4321 728 4389 fuerint
753 4322 787 4388 in
813 4322 969 4406 denariis,
996 4327 1065 4392 siue
1090 4325 1124 4390 in
1139 4323 1344 4411 virtualibus,
1360 4324 1429 4391 siue
1444 4324 1477 4391 iu

363 4431 450 4514 aliis,
478 4428 653 4497 dummodo
670 4431 737 4499 sint
752 4431 899 4520 collecte,
914 4432 1080 4501 dimidiam
1103 4431 1275 4502 collectam
1291 4433 1418 4500 soluere
1432 4438 1475 4499 te·

363 4544 520 4620 ceantur,
548 4557 609 4605 neo
634 4537 732 4623 ijdem
760 4539 994 4609 condicionarii
1009 4561 1068 4628 per
1092 4543 1282 4610 collectores
1307 4541 1475 4609 occasione

364 4645 542 4730 aliquarum
571 4627 780 4716 dolicetarum
805 4650 849 4717 ad
868 4649 1013 4736 amplius
1029 4651 1101 4735 cogi
1117 4651 1252 4719 valeant
1267 4657 1300 4718 et
1315 4651 1473 4739 compelli.
