3250 5268
649 993 705 1060 81.

110 1189 338 1278 semproni
362 1189 519 1280 ledptolan
544 1212 583 1254 aa
609 1187 678 1254 Ilia
703 1192 874 1278 nemzeto69
899 1193 1004 1283 tapjoi
1031 1191 1103 1258 ledat
1126 1193 1239 1258 norton

7 1323 8 1332 ¹
385 1295 555 1385 osztdlyrdl
570 1306 631 1362 issa
646 1297 854 1386 biaonysdpot.
880 1301 978 1363 1265.

7 1577 9 1606 Ι
228 1512 417 1600 Capitulum
443 1511 709 1600 Wepprimicnsis
735 1509 885 1580 lloolosie
917 1513 1067 1580 omnibus
1098 1534 1237 1602 presens

7 1609 9 1676 l
112 1619 270 1707 seriptum
294 1619 658 1706 inspectorissalutem
685 1621 719 1686 in
746 1618 889 1686 Domino
915 1619 1157 1704 sempiternam.
1186 1622 1239 1689 Ad

7 1723 9 1820 l
111 1729 339 1794 uniuersorum
357 1729 512 1795 noticiam
529 1735 643 1795 tenore
663 1729 870 1816 presencium
886 1731 1037 1796 volumus
1057 1731 1240 1818 pervenire,
1365 1762 1368 1768 ·
1455 1811 1459 1818 x

7 1843 9 1858 '
112 1838 199 1921 qnod
216 1838 416 1904 accedentes
431 1837 477 1904 ad
493 1843 638 1905 nostram
658 1839 863 1924 presenciam
881 1837 1000 1906 Comes
1020 1839 1181 1924 ipolitus,
1206 1845 1240 1904 at

7 2031 9 2052 γ
113 1945 205 2026 llgra
219 1945 307 2012 filins
324 1945 471 2014 eiusdem
487 1945 527 2012 do
542 1967 667 2032 genero
684 1946 747 2013 llis
763 1967 803 2014 ex
820 1954 999 2033 vnaparte,
1016 1947 1236 2016 Lenstaohios
1341 2023 1343 2031 s

7 2117 9 2138 ,
112 2063 144 2121 ot
159 2053 354 2138 Stephanus
371 2055 503 2140 cognati
520 2055 696 2122 eorundem
713 2073 754 2120 ex
769 2055 894 2138 altera,
921 2057 951 2120 in
969 2057 1065 2123 torris
1081 2055 1234 2142 ipsorum,

7 2225 9 2264 ,
113 2164 242 2230 scilieet
258 2169 333 2232 octo
350 2163 501 2230 villarum
517 2161 738 2248 hereditariis,
755 2181 890 2248 quarum
907 2165 1040 2230 nomina
1062 2173 1138 2232 sont
1153 2165 1214 2232 heo
1232 2189 1239 2230 :

7 2273 9 2308 ³
113 2271 292 2360 Pathycha
302 2322 311 2356 ,
329 2272 420 2339 llills
445 2272 562 2340 Sancti
586 2271 727 2356 Martini,
743 2271 887 2358 Zyluas,
904 2271 1135 2354 Enderelalra,
1153 2273 1242 2340 Villa
1316 2313 1321 2322 ·

113 2380 229 2446 Sancti
245 2380 428 2464 iohannis,
442 2378 705 2463 Oheknnetelnlr,
726 2379 790 2445 llia
806 2386 839 2446 et
854 2377 1022 2446 Dombrod
1039 2380 1139 2451 talem
1156 2381 1241 2446 inter

7 2513 8 2520 ¹
114 2507 151 2555 se
167 2486 364 2554 diuisionem
382 2486 503 2556 fecisse
520 2487 692 2570 dixerunt,
717 2494 750 2552 ct
766 2489 856 2573 ipsas
873 2496 980 2554 terras
996 2487 1119 2556 talibus
1145 2487 1241 2556 metis

115 2603 148 2662 et
163 2595 317 2663 terminis
335 2614 410 2664 esse
425 2605 620 2681 separatas:
637 2596 747 2663 Prima
762 2602 851 2662 meta
871 2595 986 2684 incipit
1001 2595 1094 2662 iuxta
1108 2593 1241 2665 fluuium

7 2783 8 2794 χ
115 2701 243 2790 Zyluae
260 2704 304 2772 de
329 2703 454 2772 oriente
479 2703 539 2772 snb
565 2705 707 2789 quadam
723 2706 860 2790 arbore,
884 2724 946 2789 qne
971 2707 1058 2791 wigo
1073 2705 1243 2792 pomeloleo

7 2805 8 2808 ’
115 2819 350 2900 nuncupatur,
376 2821 409 2879 et
424 2813 545 2880 transit
560 2833 620 2902 por
645 2820 766 2881 terram
791 2811 937 2882 fimosam
949 2865 958 2899 ,
986 2820 1019 2880 et
1035 2813 1159 2881 directe
1183 2832 1243 2902 per

116 2940 216 2988 unam
234 2920 344 3004 viam,
370 2923 529 2990 tamenin
547 2921 724 2996 medietate
749 2921 911 2990 dictarum
922 2922 1089 2991 pillarum
1114 2923 1243 2990 scilieet

7 3057 9 3070 r
116 3029 233 3124 Sancti
250 3031 386 3097 Martini
403 3037 436 3096 et
460 3029 629 3100 Potheoha
644 3031 751 3116 iungit
775 3032 875 3098 aliam
892 3039 1022 3116 metam,
1040 3030 1163 3098 deinde
1179 3038 1240 3098 ter-

7 3143 9 3224 j
116 3137 220 3222 oiam;
246 3143 367 3225 postea
382 3137 490 3206 tendit
503 3139 549 3206 ad
573 3141 726 3207 arborem
738 3140 872 3207 koroum
887 3160 946 3228 per
962 3147 1116 3224 montem,
1134 3144 1166 3206 et
1181 3137 1242 3208 snb

7 3287 9 3318 r
117 3246 234 3312 eadem
252 3247 431 3314 arhore'est
446 3255 533 3316 meta
550 3269 651 3336 supra
666 3255 700 3314 et
715 3248 812 3334 inira,
828 3254 861 3316 et
881 3247 1054 3315 descendit
1068 3267 1128 3336 per
1144 3266 1242 3313 unam

7 3419 20 3442 „
117 3355 261 3439 vallem,
286 3357 378 3423 cuins
404 3375 522 3422 nomen
549 3353 702 3442 (lhutuk,
722 3365 755 3422 et
779 3375 838 3444 per
864 3355 1003 3422 eandem
1028 3354 1178 3422 ascendit
1201 3351 1244 3419 ad

117 3471 278 3544 montem,
295 3481 395 3550 snper
409 3483 474 3545 quo
491 3465 598 3548 tangit
623 3463 706 3532 duos
724 3471 838 3549 metas,
855 3463 984 3530 scilicet
1004 3483 1123 3530 nouam
1141 3473 1172 3530 et
1186 3484 1244 3531 an·

117 3571 261 3662 tiquam,;
288 3577 321 3637 ot
336 3571 414 3638 inde
430 3572 537 3654 vergit
552 3572 597 3639 ad
614 3591 731 3654 aquarn
751 3571 925 3658 Pathyoha
944 3571 1186 3660 supradictam,
1211 3578 1245 3637 et

7 3757 8 3780 ,
118 3679 198 3745 inde
214 3677 309 3744 vadit
325 3677 369 3745 od
385 3679 538 3746 arborem
554 3679 684 3769 fagum,
703 3679 763 3746 sub
780 3687 912 3766 quaest
928 3689 1026 3763 meta,
1042 3681 1096 3748 ubi
1113 3680 1246 3764 equabi-

7 3821 8 3824 π
121 3803 171 3853 mr
188 3805 261 3852 cnm
279 3805 366 3870 aqna
380 3787 553 3874 Pathycha
569 3791 749 3876 sepedicta,
767 3788 988 3856 et-deeadem
1005 3788 1098 3856 vadit
1112 3787 1155 3855 od
1171 3807 1246 3876 par·

118 3901 185 3961 lem
195 3895 448 3964 meridionalem
459 3903 491 3963 et
507 3897 648 3964 tendens
664 3916 724 3984 por
735 3894 873 3965 eandem
891 3897 994 3980 iungit
1008 3917 1106 3966 unam
1117 3899 1246 3984 vallem,
1270 3881 1276 3894 ’

45 4025 47 4030 ·
120 4009 153 4069 at
168 4002 264 4070 vadit
292 4005 409 4071 iterato
425 4005 469 4071 ad
493 4012 620 4092 partem
648 4005 905 4088 occidentalem,
934 4013 967 4074 et
992 4006 1065 4074 inde
1090 4007 1124 4072 in
1149 4015 1247 4094 caput

122 4113 296 4178 cniusdam
313 4112 432 4196 vallis,
450 4131 513 4196 qne
530 4113 617 4198 wlgo
634 4115 724 4180 Aaov
739 4113 858 4182 dicitnr
868 4163 878 4198 ,
903 4114 1017 4196 inqua
1032 4119 1083 4180 est
1099 4121 1196 4195 meta,
1215 4120 1248 4180 et

121 4227 242 4306 postea
258 4221 364 4286 tendit
378 4239 493 4287 uersus
518 4221 723 4289 occidentem
739 4221 794 4289 vbi
812 4221 901 4289 oadit
916 4222 951 4288 in
971 4238 1124 4307 magnam
1141 4221 1247 4305 viam,

123 4327 245 4395 deinde
263 4346 378 4395 versus
404 4328 654 4397 meridionalem
679 4331 834 4418 plagam,
863 4335 895 4395 et
910 4330 1048 4398 tendens
1072 4349 1249 4418 parumper

123 4435 230 4520 iungit
246 4445 367 4503 melem
392 4437 588 4505 instoriam
604 4439 816 4523 existentem,
845 4443 878 4503 et
892 4435 970 4504 inde
994 4441 1101 4522 tangit
1116 4447 1247 4520 metam,

123 4566 186 4631 que
204 4551 257 4613 est
274 4565 372 4613 secus
390 4549 526 4613 eandem
552 4549 640 4614 viam
651 4597 660 4632 ,
685 4554 718 4614 et
733 4553 859 4614 tantum
876 4553 963 4612 meta
988 4557 1021 4612 et
1045 4567 1167 4632 magna
1192 4547 1247 4614 via

123 4653 259 4722 easdem
276 4653 360 4720 duas
377 4660 484 4722 terras
510 4653 720 4722 disscernunt
737 4655 780 4722 ab
797 4653 1029 4739 Enderelalra,
1057 4673 1120 4737 qne
1136 4661 1188 4722 cst
1204 4657 1246 4725 do
