3250 5268
391 1255 452 1322 IV.
469 1256 577 1322 Orbdo
588 1261 680 1348 pulpa
696 1283 718 1324 c
727 1259 961 1346 poonoobalmc'
979 1261 1124 1351 cpdtaok
1138 1259 1334 1346 mepbappp'cs,
1350 1255 1432 1341 bcpy
1448 1275 1488 1317 az
1502 1274 1522 1314 c

422 1365 548 1450 svproni
562 1369 745 1456 choetsdp
759 1367 897 1455 ttpytbcn
912 1366 1015 1435 bozott
1029 1367 1144 1434 iteletct
1159 1365 1363 1454 veprcbajtsc
1388 1362 1489 1426 1264.

497 1541 652 1612 Urbanus
669 1545 854 1635 Episcopus
879 1551 940 1614 etc.
964 1545 1084 1616 dilecto
1100 1546 1169 1615 filio
1187 1595 1195 1611 .
1212 1593 1219 1610 .
1239 1541 1387 1611 ‚Abbati
1405 1540 1521 1607 Sancti

391 1649 525 1717 Martini
549 1650 591 1718 de
616 1653 788 1722 Pannonia
812 1655 944 1724 Ordinis
969 1655 1085 1723 Sancti
1112 1652 1303 1735 Benedicti,
1333 1648 1520 1720 lauriensis

392 1757 570 1846 Dioccsis‚
595 1761 735 1830 salutem
762 1770 823 1832 etc.
852 1763 1011 1832 Exhibits
1037 1763 1132 1831 nobis
1158 1761 1273 1830 dilecti
1297 1757 1356 1826 filii
1370 1757 1521 1841 magistri

392 1865 498 1934 irenei
517 1869 675 1938 canonici
690 1871 874 1940 lauriensis
899 1871 1017 1958 petitio
1034 1871 1243 1940 continebat:
1261 1868 1444 1952 quodcum
1460 1885 1520 1932 nos

392 1973 425 2040 in
442 1995 554 2061 causa,
572 1996 636 2062 que
654 1980 739 2046 inter
765 1980 873 2065 ipsum
898 2000 940 2048 ex
958 1987 1053 2068 parte
1068 2000 1145 2066 una,
1163 1984 1196 2046 et
1211 1975 1439 2046 venerabilem
1455 1973 1519 2040 ira-

391 2089 476 2150 trem
492 2090 639 2152 nostrum
656 2135 663 2150 .
682 2133 689 2149 .
708 2136 715 2150 .
732 2087 932 2174 Episcopum
957 2106 998 2155 ac
1021 2088 1216 2170 magistrum
1241 2085 1395 2168 Petrum,
1419 2101 1520 2170 nepo·

391 2201 457 2261 tem
473 2197 506 2258 et
522 2199 765 2277 procuratorem
790 2193 871 2279 eius,
898 2191 1099 2263 Oanonicum
1124 2193 1328 2276 laudenses,
1345 2209 1447 2277 super
1463 2211 1521 2259 va·

393 2307 491 2366 cante
515 2297 796 2369 Arcbidiaconntu
821 2303 1036 2389 supruniensi
1061 2305 1095 2369 in
1114 2302 1268 2371 Ecclesia
1282 2298 1461 2382 lauriensi,
1475 2299 1522 2368 ad

396 2406 607 2476 collationem
633 2410 736 2496 ipsios
762 2409 920 2497 Episcopi
945 2411 1139 2498 pertinente,
1166 2411 1200 2478 in
1227 2413 1338 2495 quois
1362 2415 1397 2476 et
1412 2409 1522 2477 dictus

398 2515 555 2598 magister
571 2533 607 2581 se
623 2513 674 2584 iu's
694 2517 851 2585 dicebant
875 2519 1008 2603 babere,
1036 2539 1077 2587 ex
1101 2519 1210 2587 altera
1237 2525 1310 2586 orta
1325 2517 1445 2600 extitit,
1462 2535 1525 2601 per

393 2621 651 2708 appellationem
672 2641 765 2692 suam
793 2625 838 2694 ad
864 2627 982 2695 Sedem
1008 2627 1234 2715 Apostolicam
1259 2626 1405 2712 legitime
1422 2625 1523 2692 devo-

394 2730 476 2814 luts,
495 2731 647 2799 dilectum
674 2731 775 2799 lilium
801 2742 948 2802 nostrum
973 2733 1013 2800 (l.
1039 2733 1154 2802 Sancti
1181 2733 1316 2816 Georgii
1344 2732 1389 2800 nd
1405 2733 1525 2800 Velum

393 2839 536 2906 Aureum
553 2837 738 2907 Diaconum
754 2841 964 2910 cardinalem
991 2841 1197 2911 dedissemus
1223 2841 1374 2928 partibus
1390 2840 1523 2909 audito-

393 2965 483 3031 rem,
500 2947 621 3016 libellis
639 2947 770 3016 tandem
795 2969 905 3018 coram
930 2970 970 3018 eo
995 2951 1072 3017 binc
1087 2950 1166 3018 inde
1181 2951 1352 3038 porrectis,
1369 2949 1524 3035 partibus

392 3053 528 3141 placuit,
546 3047 632 3138 duod
649 3057 850 3127 venerabilis
875 3058 978 3126 frater
993 3066 1105 3129 noster
1121 3057 1338 3146 S(tepbanus)
1355 3057 1524 3125 Prenesti·

392 3179 454 3231 nus
471 3163 655 3252 Episcopus
682 3175 893 3252 componeret
917 3168 1001 3236 inter
1028 3187 1097 3248 eas,
1118 3169 1175 3252 qni
1191 3167 1325 3236 anobis
1342 3185 1443 3252 super
1459 3165 1525 3233 hoc

392 3273 468 3340 vive
483 3273 575 3341 vocis
601 3275 733 3343 oraculo
758 3275 891 3360 plenam
917 3277 1148 3345 anctoritatem
1176 3275 1318 3344 obtinuit
1332 3283 1366 3342 ct
1382 3275 1524 3342 liberam

392 3386 598 3478 potestatem.
616 3383 665 3450 Eo
689 3384 814 3470 itaque,
830 3404 871 3452 ac
886 3384 1004 3454 eodem
1030 3385 1189 3470 magistro
1205 3385 1303 3452 Petro
1319 3381 1352 3448 in
1370 3383 1522 3469 ejusdem

391 3491 549 3578 Episcopi
573 3492 758 3560 Prenestini
782 3493 951 3578 presentis
975 3493 1171 3576 constitutis,
1196 3490 1283 3560 idem
1309 3493 1426 3558 Petrus
1454 3504 1522 3556 snm

393 3619 454 3685 pro
471 3619 508 3666 se
523 3619 621 3684 qnam
636 3619 697 3686 pro
714 3600 805 3668 dicto
822 3600 986 3687 Episcopo
1002 3601 1183 3685 lauriensi,
1194 3619 1288 3683 aquo
1303 3597 1524 3694 transigendi,

393 3708 622 3793 componendi,
648 3728 690 3777 ac
714 3711 999 3795 compromittendi
1016 3709 1165 3795 speciale
1181 3707 1376 3776 mandatum
1392 3714 1426 3774 et
1441 3708 1524 3775 libe·

395 3833 464 3881 rann
480 3821 681 3901 potestatem
697 3816 854 3902 habebat,
865 3837 927 3885 nec
942 3839 1007 3886 non
1018 3823 1051 3884 et
1061 3819 1148 3886 idem
1164 3838 1226 3903 pro
1242 3837 1280 3885 se
1295 3835 1394 3902 snper
1410 3816 1525 3902 buJus-

395 3923 486 3992 modi
501 3925 673 4007 questione
690 3933 816 4012 sponte,
843 3925 948 3993 libere
964 3945 1005 3993 ac
1021 3925 1175 3993 absolute
1191 3924 1223 3991 in
1241 3925 1408 4011 preistum
1424 3923 1523 4009 Epis·

395 4049 512 4117 copnm
539 4033 769 4101 Penestrinnm
787 4035 1055 4120 compromittere
1075 4040 1279 4100 curaverunt.
1310 4031 1525 4101 Postmodum

395 4159 473 4207 vero
489 4139 548 4208 lite
563 4160 662 4227 snper
688 4141 814 4209 libellis
839 4161 899 4227 pro
923 4160 985 4208 sna
1010 4149 1106 4227 parte
1130 4161 1242 4208 coram
1263 4139 1428 4224 jamdicto
1446 4141 1524 4224 Epi-

394 4265 494 4334 scopo
519 4249 712 4320 Prenestino
736 4251 900 4338 porrectis
925 4249 1072 4334 legitime
1096 4253 1306 4329 contestata,
1332 4247 1524 4334 Episcopus

393 4357 475 4442 ipse,
490 4357 645 4445 inspectis
669 4360 890 4448 processibus,
915 4361 1009 4442 actis,
1040 4356 1250 4426 munimentis
1275 4362 1308 4423 et
1333 4355 1524 4423 rationibus

395 4482 506 4533 coram
523 4487 562 4535 eo
578 4467 747 4554 exhibitis,
772 4487 835 4538 nec
859 4487 927 4538 non
951 4467 1086 4548 auditis,
1112 4483 1178 4549 qne
1202 4471 1318 4551 partes
1344 4463 1458 4532 dicare
1483 4481 1527 4528 ac

395 4591 579 4658 proponere
595 4577 778 4661 volucrunt,
793 4575 1012 4644 consideratis
1024 4575 1129 4641 'etiam
1144 4593 1208 4658 qne
1224 4574 1268 4642 ad
1284 4591 1413 4659 pacem,
1432 4580 1525 4641 tran·

392 4679 586 4763 quillitatem
603 4689 636 4751 et
651 4685 769 4753 bonum
784 4689 906 4751 statum
922 4683 1089 4769 utriusque
1105 4683 1208 4770 partis
1223 4683 1383 4768 tacerent,
1401 4701 1518 4774 supru-
