3230 5268
142 1277 174 1342 V.
189 1277 299 1343 Ictodn
311 1275 419 1363 kirtly
435 1278 560 1342 Incircsi
578 1278 728 1362 Tamtu,
745 1279 831 1362 Pau,
853 1279 948 1344 Fonte
963 1281 994 1344 έι
1011 1279 1128 1366 Ombos,
1144 1281 1253 1348 Juieob

136 1407 156 1448 a
178 1383 456 1470 tetka-sebirotai
470 1387 530 1448 vdr
546 1385 719 1450 emtotnek
729 1385 814 1470 ficit,
830 1385 915 1451 bitot
930 1407 1009 1452 aeon
1031 1389 1254 1475 saotyctlataik·

137 1496 192 1574 aa,
215 1491 365 1580 melyekct
391 1491 463 1556 nebi
488 1493 567 1556 mint
583 1491 703 1578 erdtlyi
717 1493 864 1558 ocziruek
889 1495 956 1581 mio
980 1497 1071 1582 atyja
1094 1495 1176 1561 Belo
1201 1497 1253 1562 ki·

134 1601 205 1688 rcity
221 1599 354 1666 tlettbea
370 1599 482 1678 tetteb,
500 1599 650 1664 ludeceon
666 1599 735 1665 leub'
747 1599 1019 1668 rtozttrtobebtat
1034 1605 1216 1690 uqyaacsuk
1232 1629 1253 1670 a

129 1705 293 1794 sobbrvciri
307 1705 540 1792 cauffobbdyyok
556 1706 668 1770 εονάόα
684 1695 771 1771 cmclt
786 1705 857 1791 uolt,
875 1729 945 1772 ezec
969 1707 1169 1796 altduckban,
1196 1715 1253 1776 mi·

134 1819 212 1880 utria
226 1839 265 1881 aa
282 1817 392 1899 oraattq
403 1814 615 1900 torminydra
625 1815 736 1899 jatott‚
746 1812 927 1898 futtettket
937 1817 1157 1904 eyyttttujoloy
1172 1841 1251 1907 mey-

575 1921 692 1986 eriisiti.
713 1923 811 1986 1271.

240 2135 427 2223 Stephanus
442 2135 505 2202 Dei
529 2137 643 2219 gracia
668 2133 855 2223 Hungaric,
881 2138 1071 2226 Dalmacie,
1098 2141 1247 2230 (treacle,

134 2251 256 2332 Reme,
273 2245 389 2312 Seruie
398 2297 407 2330 ,
425 2243 582 2329 (tellicio,
598 2241 792 2310 bodomeric
802 2296 811 2330 ,
829 2245 1006 2332 bononie,
1032 2248 1253 2336 Bulgarieqne

133 2358 203 2424 Rex
219 2353 369 2422 omnibus
386 2357 554 2437 presentes
570 2352 696 2418 litteras
715 2350 912 2438 inspecturis
928 2355 1067 2422 salutem
1090 2355 1126 2422 in
1150 2359 1250 2424 omni·

135 2483 187 2529 um
212 2463 396 2531 saluatore.
427 2458 481 2526 Ad
510 2457 736 2528 uniuersorum
769 2459 925 2526 noticiam
954 2467 1020 2529 tem
1045 2465 1251 2548 presencium

135 2589 231 2654 qnam
247 2569 426 2640 futurorum
441 2569 556 2637 barum
577 2569 662 2636 serie
678 2570 825 2636 uolumus
841 2571 1032 2654 peruenire:
1059 2571 1153 2652 Quod
1179 2595 1249 2643 eum

134 2677 288 2760 Thomas,
304 2681 435 2764 Paulus,
453 2680 542 2748 Fene
559 2685 592 2744 et
608 2677 701 2762 Omb,
719 2677 776 2763 filij
802 2677 922 2748 Jnoobi
947 2683 1124 2750 castrensis
1149 2684 1252 2751 castri

135 2787 291 2856 Albensis
307 2788 349 2854 de
365 2786 447 2854 uilla
463 2786 590 2871 Inarcb,
607 2785 703 2854 nobis
720 2787 830 2856 adbuc
846 2807 885 2857 eo
902 2795 1058 2876 tempore,
1069 2810 1133 2873 quo
1144 2810 1252 2878 super·

135 2897 211 2964 stite
225 2896 403 2964 karissimo
420 2902 515 2980 patre
530 2903 642 2962 nostro
657 2895 740 2962 Bela
754 2896 847 2981 Rege
870 2895 1040 2982 Hungarie
1065 2897 1176 2967 inclite
1201 2919 1251 2966 re·

136 3006 338 3075 corbucionis
354 3007 515 3072 Ducatum
540 3002 792 3073 Transilnanum
815 3005 1018 3090 tenebamus,
1044 3005 1157 3074 diuet
1182 3025 1251 3074 eum

136 3111 222 3182 omni
238 3111 397 3180 fidelitate
418 3111 633 3180 seruiuissent
648 3112 822 3192 indefesse,
839 3131 900 3180 nos
924 3129 981 3180 eos
1007 3121 1140 3199 propter
1164 3115 1250 3200 ipso·

138 3241 208 3288 rum
218 3219 387 3289 meritoria
403 3221 563 3304 obsequia
572 3221 615 3288 eb
632 3221 738 3288 officio
749 3240 809 3287 seu
819 3220 1008 3287 condicione
1025 3222 1252 3310 castrensium,

137 3349 176 3398 ex
193 3331 322 3416 quibus,
339 3337 374 3398 ut
389 3326 605 3415 premisimus,
632 3327 788 3411 originem
804 3328 977 3412 duxerant,
992 3327 1195 3415 euhimendo²
1219 3330 1254 3398 in

137 3459 305 3509 numerum
321 3445 354 3504 et
369 3438 555 3504 libertatem
572 3434 728 3502 nobilium
739 3434 955 3520 jobagionum
981 3434 1127 3503 eiusdem
1152 3435 1252 3505 castri

138 3570 209 3618 cum
225 3547 320 3616 terris
335 3547 479 3632 ipsorum
496 3545 681 3631 porcionem
698 3543 874 3612 eorundem
890 3543 924 3608 in
939 3542 1028 3612 diota
1042 3543 1251 3612 villaIuareb

136 3656 400 3740 contingentibus
411 3653 560 3721 duximus
571 3651 827 3737 transferendos,
846 3657 992 3720 nostrum
1009 3651 1058 3720 eis
1075 3671 1173 3741 super
1188 3654 1250 3721 boc

135 3765 344 3853 priuilegium
360 3762 579 3831 concedendo.
595 3761 714 3829 Verum
730 3781 802 3827 cum
822 3759 1025 3846 postmodum
1042 3781 1101 3829 nos
1117 3759 1252 3829 Domino

137 3874 285 3963 propicio
300 3873 434 3959 plenum
449 3869 555 3957 Regni
570 3871 829 3955 gubernaculum
845 3869 959 3956 adepti
975 3867 1160 3954 fuissemus,
1187 3888 1253 3938 ser-

136 3985 222 4052 uicia
237 3983 417 4051 eorundem
433 3981 568 4065 Thomu,
584 3981 680 4048 Pauli
697 3991 730 4046 et
744 3979 880 4047 botrum
905 3997 1036 4046 suorum
1051 3977 1251 4065 pedictorum

136 4093 170 4161 in
184 4091 373 4160 memoriam
389 4096 591 4172 reuocantes,
607 4107 668 4156 nos
679 4088 812 4157 eosdem
822 4085 994 4173 Thomam,
1005 4085 1152 4169 Paulum,
1163 4087 1253 4154 Fene

138 4207 171 4269 et
186 4199 281 4281 Omb,
296 4204 430 4285 propter
445 4197 587 4284 ipsorum
605 4195 744 4264 seruicia
759 4194 926 4262 meritoria
941 4193 1036 4262 nobis
1051 4192 1190 4260 fideliter
1199 4213 1254 4261 ex-

136 4309 243 4377 hibita
258 4309 453 4393 etinpensc,
474 4305 515 4373 dc
537 4305 741 4389 benignitate
766 4301 881 4390 Regia,
908 4310 1002 4388 prout
1027 4322 1083 4371 eos
1110 4309 1254 4388 tempore

138 4417 288 4485 Duoetus
312 4416 416 4483 nostri
441 4413 722 4497 transtuleramus,
748 4412 934 4496 reliquimus
960 4417 993 4479 et
1016 4411 1251 4498 transtulimus,

137 4545 247 4612 ymmo
262 4527 438 4594 translatos
454 4523 633 4592 dimisimus
649 4525 683 4590 in
699 4523 771 4607 ipso
787 4521 906 4588 eodem
917 4520 1137 4608 jobagionatu
1153 4521 1255 4588 castri

136 4633 236 4703 simul
253 4653 327 4704 oum
342 4635 440 4702 terris
456 4635 602 4720 ipsorum
627 4635 784 4720 perpetuo
808 4649 1021 4716 permanere5
1046 4629 1194 4698 volentes
1220 4637 1256 4696 ut

191 4743 292 4786 uolut.
300 4743 379 4786 ttuutt.
393 4739 468 4784 met.
481 4741 549 4782 ntra..
558 4759 585 4770 -
593 4737 615 4780 ⁸.
1054 4739 1095 4805 17
