3250 5268
869 349 1028 463 ..ffl-

387 547 545 632 cuiusque
561 557 627 616 toto
644 557 758 616 tenore
773 547 813 616 de
828 551 933 618 rcrbo
950 550 1146 618 adverbum
1163 557 1314 636 oporteat
1333 550 1368 616 in
1385 551 1509 616 nostris

385 657 504 723 litteris
521 658 654 743 plenam
670 663 702 722 et
726 677 917 744 expressam
942 658 1139 750 mentionem
1156 658 1245 756 liep',
1270 666 1304 726 et
1318 675 1380 744 per
1407 676 1509 742 quam

385 763 519 832 effectus
546 765 747 848 presentium
774 765 923 849 impediri
949 767 1060 832 valeat
1085 767 1137 834 rel
1164 767 1308 852 ditserri,
1335 774 1396 834 aut
1420 765 1509 849 quod

385 874 499 940 cedem
516 891 656 958 persone
672 871 757 938 alias
783 872 974 941 beneficiate
994 875 1156 960 existant;
1175 874 1374 942 fraternitati
1401 885 1457 942 tue
1473 871 1510 939 li·

384 984 498 1050 beram
525 978 737 1049 concedimus
763 983 959 1050 auctoritate
984 983 1185 1069 presentium
1210 982 1423 1050 facultatem.'
1443 977 1509 1047 Da·

383 1099 450 1156 tum
476 1089 565 1176 apud
591 1086 867 1157 UrbemVeterem
893 1089 962 1157 VH.
990 1088 1063 1156 Kal.
1097 1088 1250 1158 Octobris
1277 1087 1508 1175 (Pontificatus

383 1195 501 1284 nostri)
518 1216 604 1263 auno
621 1197 727 1264 tertio.

488 1306 612 1371 Harum
638 1287 737 1388 igitur
766 1305 946 1372 litterarum
977 1305 1175 1372 auctoritate
1206 1304 1362 1390 Capellae
1388 1303 1507 1370 Sancti

382 1411 551 1481 Laurentii
567 1411 608 1478 de
627 1412 716 1478 Villa
732 1411 833 1496 Files,
852 1413 966 1480 Sancti
981 1410 1140 1478 Demetrii
1157 1412 1199 1480 de
1215 1412 1334 1497 Boron,
1352 1409 1506 1478 Omnium

381 1527 571 1590 sauctorum
598 1521 639 1586 de
655 1519 797 1602 Nigwan
822 1529 855 1585 et
871 1519 984 1588 Sancti
1009 1519 1142 1586 Martini
1167 1519 1209 1590 de
1224 1519 1351 1586 minore
1373 1517 1506 1602 biortiu,

380 1651 463 1714 quas
488 1629 688 1698 venerabilis
714 1635 809 1714 pater
835 1628 1028 1696 Timotheus
1053 1628 1294 1712 Zagabriensis
1319 1629 1507 1714 Episcopus

381 1737 598 1832 promotionis
615 1757 673 1804 sue
689 1750 837 1823 tempore
854 1739 885 1804 in
910 1737 1078 1804 lauriensi
1092 1736 1228 1803 Diocesi
1243 1735 1433 1819 obtinebat,
1448 1755 1507 1804 ra

379 1854 495 1916 cantes
511 1865 569 1932 per
595 1845 833 1930 promotionem
848 1844 951 1930 ipsius
967 1845 1125 1932 Episcopi
1150 1845 1214 1912 tibi
1234 1841 1454 1927 conferimus,
1470 1848 1506 1908 et

378 1954 586 2042 providemus
604 1953 743 2038 deipsis
761 1973 831 2019 cnm
849 1954 1000 2020 omnibns
1017 1953 1142 2021 iuribus
1158 1951 1408 2037 etpertinentiis
1425 1951 1505 2033 suis,

377 2071 475 2147 teque
491 2064 533 2130 de
557 2063 639 2148 ipsis
660 2082 718 2148 per
743 2071 889 2130 nostrum
915 2064 1071 2128 annulum
1097 2061 1343 2148 presentialiter
1366 2059 1505 2128 investi·

377 2191 466 2256 mus;
484 2189 549 2237 uon
565 2171 717 2238 obstante
733 2179 822 2238 certo
837 2171 940 2258 ipsius
952 2171 1101 2240 sceleste
1121 2169 1352 2238 canonicorum
1363 2185 1506 2235 numero

334 2353 339 2360 ,
376 2280 583 2361 iuramento,
610 2275 855 2345 confirmatione
875 2278 973 2346 Sedis
988 2278 1181 2364 Apostolice
1206 2278 1278 2345 sinc
1304 2294 1506 2360 quacunque

375 2385 529 2452 firmitate
544 2385 681 2466 vallato,
698 2391 754 2451 aut
770 2385 799 2452 si
815 2384 965 2453 domiuus
980 2386 1075 2470 Papa
1092 2387 1126 2452 in
1143 2405 1184 2452 ea
1199 2403 1259 2470 pro
1275 2385 1352 2451 aliis
1368 2383 1504 2451 direxs-

374 2492 417 2558 rit
433 2491 558 2578 scripta
573 2511 643 2576 sua,
663 2493 718 2560 rel
735 2492 764 2560 si
780 2493 876 2560 Sedis
893 2495 1087 2580 Apostolice
1105 2493 1158 2560 vel
1176 2493 1377 2578 Legatornm
1393 2491 1503 2577 ipsius

374 2607 432 2667 aut
446 2617 642 2684 quacunque
667 2599 859 2668 auctoritate
876 2602 909 2668 in
928 2623 967 2668 ea
984 2603 1017 2668 iu
1036 2603 1214 2670 canonicos
1241 2599 1345 2683 aliqui
1367 2599 1436 2666 siut
1451 2617 1505 2665 re-

373 2708 471 2792 cepti,
488 2707 539 2774 rel
556 2717 590 2774 ut
606 2708 827 2794 recipiantur,
839 2710 1006 2794 insistant,
1025 2710 1144 2792 quibus
1160 2729 1220 2794 per
1236 2709 1299 2775 hoc
1320 2706 1433 2791 quoad
1448 2726 1504 2774 as·

371 2816 572 2882 secutionem
587 2816 725 2882 aliorum
742 2817 993 2900 beneficiorum,
1010 2825 1266 2904 personatuum,
1283 2815 1339 2882 rel
1354 2813 1503 2898 dignita·

371 2927 439 2986 tum
456 2921 670 3008 preindicium
695 2923 816 2990 nnllam
834 2923 893 2990 flat
903 2975 911 3009 ,
936 2931 996 2992 aut
1011 2925 1040 2992 si
1057 2933 1108 2991 est
1123 2923 1289 3008 aliquibus
1315 2923 1358 2990 ab
1384 2919 1504 2990 eadem

370 3023 456 3095 Sede
472 3029 652 3112 indultum,
681 3031 767 3114 qnod
783 3029 827 3097 ad
843 3034 1067 3118 receptionem
1085 3035 1138 3100 rel
1160 3033 1382 3118 provisionem
1399 3030 1504 3098 alicu·

369 3133 421 3201 ius
437 3136 569 3202 minime
586 3143 780 3222 teneantur,
805 3145 838 3206 et
854 3137 897 3204 ad
913 3139 948 3205 id
964 3141 1134 3224 compelli,
1161 3139 1315 3224 quodque
1332 3139 1502 3222 interdici,

369 3241 524 3324 suspendi
535 3245 588 3308 vel
599 3245 872 3311 excommunicari
883 3265 947 3312 non
958 3246 1096 3331 possint,
1110 3253 1143 3312 et
1159 3247 1245 3330 quod
1257 3245 1302 3314 de
1315 3245 1501 3330 beneficiis,

369 3348 596 3434 personatibus
622 3349 665 3415 ed
682 3369 792 3419 eorum
814 3353 1021 3419 collationem
1038 3355 1263 3439 spectantibus
1284 3355 1368 3422 nulli
1386 3353 1503 3422 valeat

368 3455 535 3539 prouideri
551 3475 610 3540 per
625 3458 752 3524 litteras
769 3460 992 3544 apostolicas,
1018 3479 1082 3543 que
1099 3461 1142 3527 de
1158 3462 1284 3529 indulto
1311 3461 1500 3528 huiusmodi

369 3563 500 3646 plenam
517 3571 551 3630 et
567 3583 759 3648 expressam
785 3585 851 3633 non
867 3565 1006 3634 iecerint
1021 3569 1243 3655 mentionem,
1267 3588 1331 3636 seu
1346 3567 1503 3652 qnalibet

366 3669 435 3735 alia
450 3671 657 3754 indulgentia
672 3671 757 3759 dicte
773 3672 889 3754 Sedis,
913 3674 954 3740 de
971 3694 1036 3758 qua
1051 3677 1211 3760 cuiusque
1236 3687 1305 3743 toto
1321 3684 1439 3742 tenore
1456 3673 1500 3742 de

366 3775 466 3842 verbo
483 3777 676 3844 adverbum
701 3787 853 3863 oporteat
878 3781 912 3847 in
928 3783 1050 3850 uostris
1072 3782 1194 3851 litteris
1220 3784 1356 3868 plenam
1382 3772 1415 3850 et
1441 3801 1500 3850 ex·

364 3899 511 3966 pressam
539 3885 735 3953 mentionem
751 3887 844 3972 lieri,
870 3896 903 3954 et
918 3909 979 3974 per
999 3909 1096 3974 quam
1124 3892 1262 3960 effectus
1288 3891 1499 3980 presentium

363 3987 515 4070 impediri
540 3993 654 4060 valeat
678 3995 733 4061 rei
758 3993 885 4080 differi5
921 3995 1138 4066 decernentes
1165 4001 1268 4068 etiam
1293 4002 1498 4069 auctoritate

363 4093 511 4178 predicta
538 4097 664 4165 irritum
691 4107 726 4166 et
753 4103 871 4189 inane,
897 4105 926 4170 si
942 4123 1039 4172 secas
1059 4106 1103 4175 de
1127 4107 1320 4177 huiusmodi
1346 4109 1497 4196 capellis

362 4201 479 4281 quavis
496 4205 694 4274 auctoritate
719 4209 894 4295 contigerit
911 4232 970 4297 per
985 4215 1129 4298 aliquem
1151 4217 1355 4303 attemptari.
1373 4218 1494 4285 Actum

362 4307 452 4387 apud
467 4304 745 4382 UrbemVeterem
763 4317 795 4383 in
808 4319 972 4388 canonica
989 4330 1103 4388 nostra
1119 4343 1209 4390 auno
1223 4321 1414 4392 nativitatis
1430 4325 1499 4394 Do·

362 4412 441 4476 mini
456 4411 664 4486 MOOLXIII.
682 4441 796 4492 mense
811 4425 973 4495 Januario
984 4428 1037 4494 dio
1050 4435 1169 4498 octava
1186 4433 1345 4513 intrante,
1357 4451 1495 4520 presen-

361 4515 449 4582 tibus
473 4518 670 4608 Benedicto,
697 4529 846 4603 Guidoue
872 4535 985 4617 Bono,
1011 4541 1045 4602 et
1067 4535 1232 4608 lambino
1268 4525 1492 4610 familiaribus

360 4621 481 4686 ¹¹⁰⁵t¹i⁸
506 4630 540 4689 ⁰⁸
555 4627 703 4710 Pluribus
728 4642 804 4708 aliis
820 4643 866 4711 ad
889 4642 953 4710 hoo
968 4645 1096 4743 vocatis
1121 4653 1155 4713 et
1179 4647 1308 4735 rogatis
1334 4649 1490 4719 testibus.
