3270 5280
357 518 505 604 prelatos
521 515 684 583 dominum
711 515 911 603 Episcopum
935 517 1145 584 Jaurieneem
1161 519 1195 580 et
1210 516 1342 582 Petrum
1359 514 1403 582 ab
1424 515 1484 580 im-

359 627 518 713 petitione
546 623 649 712 ipsius
676 623 827 709 Magistri
852 625 958 693 Irenei
984 623 1185 711 superdicto
1203 621 1484 690 Archidiaoonatn

357 717 572 822 Supruniensi
588 731 828 800 sententialiter
853 733 1066 819 absolvimus,
1083 738 1117 799 et
1133 731 1337 799 decernimus
1353 730 1486 798 absolu-

357 853 419 932 tos,
431 839 631 911 ¹mandantes
648 849 681 910 et
697 842 889 933 ordinantes
901 845 1099 913 auctoritate
1116 841 1274 928 predicta,
1291 839 1380 925 qnod
1395 841 1485 908 idern

358 954 541 1040 Episcopus
559 952 715 1036 magistro
741 950 856 1020 Ireneo
882 952 1029 1037 predicto
1055 954 1098 1028 de
1113 950 1286 1036 dignitate,
1304 948 1356 1017 vel
1372 967 1485 1034 perso·

357 1069 436 1127 natu
452 1082 523 1128 oum
540 1081 619 1128 cura
635 1061 688 1126 vel
705 1061 776 1128 sine
789 1081 880 1144 eura,
896 1081 959 1146 que
975 1063 1029 1129 vel
1040 1061 1140 1146 quiin
1152 1058 1301 1128 Ecclesia
1315 1055 1484 1123 lauriensi
1505 1135 1507 1140 ι

357 1177 457 1237 vacat
472 1169 517 1236 ad
532 1187 679 1254 presens,
697 1169 751 1235 vel
765 1169 914 1254 proximo
932 1190 1052 1237 vacare
1073 1167 1247 1254 contigerit
1271 1171 1347 1252 post
1362 1165 1483 1248 Prepe-

279 1301 282 1309 ⁴
356 1279 492 1346 situram
511 1277 661 1344 Ecclesie
688 1276 909 1362 (lathedralis,
937 1279 980 1345 de
995 1297 1062 1361 qua
1078 1277 1184 1344 dictus
1203 1276 1399 1362 Episcopus,
1417 1269 1484 1341 nisi

356 1386 433 1453 velit
449 1386 634 1471 providere,
652 1404 719 1452 non
744 1391 905 1472 teneatur,
923 1387 1029 1454 eidem
1052 1384 1226 1472 provideat
1253 1391 1286 1450 et
1310 1383 1483 1469 providere

356 1495 418 1561 snb
442 1514 530 1578 pena
554 1493 585 1559 in
612 1496 847 1578 compromisso
874 1497 1029 1582 apposita
1054 1501 1225 1580 teneatnr;
1250 1493 1313 1558 boo
1338 1493 1483 1576 adiecto,

356 1602 443 1686 quod
459 1603 488 1668 si
504 1599 689 1668 huiusmodi
714 1600 862 1685 dignitas
888 1603 939 1669 vel
967 1611 1168 1689 personatus
1193 1601 1483 1690 vigintiquinque

357 1731 489 1779 marcas
506 1710 634 1797 argenti
651 1710 754 1777 annui
770 1710 917 1777 redditus
928 1713 982 1778 vel
992 1712 1078 1778 ultra
1087 1713 1223 1796 valeret,
1239 1711 1329 1778 idem
1343 1710 1482 1795 Episco-

355 1838 418 1904 pus
436 1819 478 1887 de
495 1820 567 1905 ipsa
584 1819 745 1904 dignitate
770 1819 825 1885 vel
850 1825 1031 1906 personatu
1056 1818 1163 1886 eidam
1189 1819 1347 1904 magistro
1363 1817 1482 1884 Ireneo

355 1925 531 2012 provideat
547 1931 581 1992 et
596 1927 770 2011 providere
786 1927 847 1992 sub
864 1926 1148 2012 penahuiuamodi
1166 1933 1337 1993 teneatur:
1353 1926 1383 1992 si
1399 1947 1481 1993 vero
1600 1932 1604 1940 ’

355 2036 463 2102 minus
489 2034 635 2102 valerent
661 2033 807 2100 redditus
834 2033 982 2101 eiusdem
1008 2034 1182 2119 dignitatis
1203 2035 1257 2103 vel
1273 2043 1480 2120 personatus,

354 2143 442 2209 idem
458 2141 607 2210 dominns
623 2143 806 2228 Episcopus
823 2143 906 2210 illud
923 2143 1007 2226 quod
1024 2144 1130 2211 minus
1146 2145 1282 2227 valeret,
1298 2141 1480 2228 adimplere

354 2269 396 2317 ao
412 2249 585 2336 providere
601 2269 704 2334 nsque
730 2251 773 2317 ad
800 2251 981 2335 predictam
1007 2249 1166 2335 summam
1194 2252 1310 2337 viginti
1336 2251 1481 2335 quinque

355 2379 537 2428 marearum
554 2360 684 2446 argenti
711 2361 802 2428 dioto
819 2362 979 2445 magistro
997 2363 1123 2447 Ireneo,
1140 2362 1183 2428 de
1199 2361 1339 2443 capellis
1355 2365 1391 2436 et
1407 2357 1479 2427 red-

355 2467 478 2536 ditibus
494 2470 695 2556 capellarum
714 2469 759 2535 ad
775 2488 869 2537 scam
895 2471 1101 2538 collationem
1118 2471 1350 2556 spectantium,
1366 2476 1479 2536 tenea·

353 2583 405 2646 tur
421 2585 453 2646 et
467 2579 658 2664 adimpleat,
670 2583 702 2644 et
715 2578 891 2664 provideat
906 2597 976 2645 cnm
994 2578 1125 2665 affectu,
1142 2577 1354 2671 proventibus
1370 2577 1480 2644 etfru·

353 2687 460 2752 atibus
486 2686 653 2772 prebende
680 2691 712 2752 et
728 2687 944 2774 capellarum,
961 2707 1042 2770 quaa
1059 2689 1148 2755 idem
1164 2688 1325 2772 magister
1341 2688 1478 2754 Ireneoa

353 2795 387 2860 iu
403 2795 556 2862 Ecclesia
571 2795 740 2861 Jauriensi
756 2797 882 2863 obtinet
898 2798 931 2864 iu
948 2796 1038 2865 dieta
1054 2817 1183 2865 summa
1199 2796 1479 2880 vigintiquinque

354 2922 539 2970 marearum
565 2903 699 2970 minime
724 2905 966 2988 computandis.
1008 2905 1115 2998 Quam
1140 2905 1363 2992 provisionem
1388 2903 1478 2970 dicto

352 3011 509 3096 magistro
525 3012 642 3078 Ireneo
668 3011 856 3079 faciendam
884 3013 976 3080 iuxta
1000 3015 1132 3082 modum
1148 3012 1343 3099 predictum,
1360 3013 1389 3080 ai
1406 3029 1479 3098 pre·

352 3117 443 3185 latus
459 3111 655 3206 Episcopus,
674 3139 746 3186 oum
763 3139 799 3188 se
810 3121 955 3192 iaenltas
972 3124 1136 3207 obtulerit,
1153 3121 1357 3191 nolueritvel
1368 3119 1480 3202 negle-

350 3227 436 3294 xerit
452 3225 562 3294 lacere
588 3247 628 3295 ae
655 3229 802 3314 implere,
829 3249 889 3297 nos
915 3229 1108 3316 dignitatem
1135 3250 1193 3300 seu
1214 3234 1426 3315 personatum
1444 3233 1479 3292 et

350 3335 496 3421 capellas
513 3337 700 3424 hujusmodi
716 3339 887 3406 collationi
897 3340 993 3407 Sedis
1008 3339 1200 3428 Apostoliea
1215 3359 1275 3426 per
1291 3357 1352 3406 nos
1369 3335 1477 3419 eidem

351 3445 509 3528 magistro
526 3449 651 3532 lreueo,
675 3447 727 3514 vel
755 3467 816 3534 per
833 3449 934 3514 alium
950 3467 1009 3515 seu
1025 3449 1111 3516 alios
1127 3447 1280 3516 faciende
1297 3447 1389 3514 iuxta
1405 3463 1477 3530 pre-

350 3553 470 3620 dictum
486 3555 618 3622 modom
634 3555 833 3624 auctoritate
849 3555 1031 3644 huiusmodi
1047 3557 1272 3641 reservamua3
1297 3554 1476 3622 decernen-

348 3667 400 3728 tes
427 3681 468 3730 ex
491 3683 579 3730 nune
610 3663 804 3732 auctoritate
829 3664 980 3750 predicta
1006 3653 1132 3732 irritum
1149 3667 1306 3746 etimne,
1332 3665 1360 3730 si
1377 3680 1489 3730 secus.

349 3770 392 3837 de
428 3772 593 3857 dignitate
619 3773 673 3840 vel
699 3775 879 3859 personatu
905 3780 938 3839 et
964 3759 1103 3858 capellis
1134 3773 1323 3842 huiusmodi
1355 3772 1476 3854 quavis

348 3873 542 3949 auctoritate
570 3865 744 3968 eontigerit
770 3882 969 3966 attemptari.
1003 3882 1040 3949 Si
1055 3901 1135 3950 vero
1151 3869 1195 3949 ad
1211 3899 1349 3967 presens
1366 3877 1475 3946 eidem

348 3991 505 4076 magistro
523 3991 638 4057 Ireneo
661 3990 767 4056 dietus
792 3988 976 4076 Episcopus
993 3990 1035 4058 de
1051 3976 1213 4077 dignitate
1229 3991 1282 4059 vel
1298 3991 1476 4076 personatu

347 4107 379 4166 et
395 4099 533 4185 capellis
558 4097 747 4166 huiusmodi
774 4099 867 4164 iuxta
890 4098 1074 4184 predictum
1099 4102 1228 4168 modum
1257 4117 1329 4165 oum
1356 4095 1476 4164 effectu

346 4208 519 4294 providere
543 4227 608 4276 non
634 4213 757 4292 posset,
785 4206 871 4274 idern
899 4207 1084 4294 Episcopus
1110 4214 1144 4274 et
1164 4209 1279 4275 Petrus
1295 4206 1475 4293 predictus,

346 4317 398 4383 vel
415 4335 524 4383 eorum
543 4317 627 4384 alter
643 4313 820 4382 insolidum
837 4315 976 4401 singulis
993 4317 1091 4384 annis
1108 4317 1215 4384 eidem
1232 4314 1391 4401 magistro
1408 4313 1476 4380 Ire·

345 4443 416 4508 neo,
436 4445 494 4494 seu
510 4427 631 4493 nuncio
647 4425 701 4493 vel
728 4425 932 4511 procuratori
959 4443 1018 4492 suo
1034 4427 1105 4492 eius
1121 4425 1251 4493 nomine
1268 4444 1308 4492 ae
1322 4444 1384 4510 pro
1400 4423 1476 4509 ipso

345 4530 531 4614 quindecim
546 4553 675 4602 mareas
704 4533 780 4601 boni
808 4535 939 4621 argenti
954 4533 1000 4600 ad
1015 4533 1144 4619 pondus
1169 4533 1315 4620 Ungarie
1331 4533 1477 4617 integra-

345 4635 421 4705 liter
436 4638 581 4726 solvant,
606 4647 640 4707 et
665 4641 796 4710 solvere
821 4643 883 4710 sub
908 4661 997 4728 pena
1020 4641 1208 4710 huiusmodi
1232 4647 1411 4709 teneantur
1437 4641 1473 4708 in
