3270 5280
651 333 810 433 Aa-

158 510 250 592 quod
267 509 424 593 degentes
441 510 502 576 sub
520 533 631 578 corum
658 515 866 600 tyrampnide
885 516 1039 582 libentius
1057 521 1159 582 nrctas
1176 519 1289 586 mortis

159 617 333 702 eligerent,
349 638 446 700 quam
472 619 519 684 sie
548 619 685 688 vivendo
711 629 804 688 tanta
831 623 941 690 subire
967 644 1090 708 genera
1116 631 1290 694 tormento·

159 745 243 790 rum.
277 725 449 810 Exurgant
473 729 583 811 itaque
608 727 684 796 lidei
711 731 872 798 zelatores
899 734 941 798 ad
965 732 1187 800 defensionem
1204 733 1290 800 dicte

159 833 317 918 regionis,
344 834 491 900 eiusdem
517 837 735 922 redemptoris
763 840 923 924 martyrio
948 847 1147 924 consecrate,
1170 859 1230 906 nec
1246 841 1290 907 ad

161 939 196 1006 id
212 947 388 1026 tepescant
413 961 522 1009 corum
550 945 663 1029 animi,
690 947 750 1013 sed
767 945 969 1015 serventibus
985 947 1157 1017 desideriis
1174 958 1290 1016 aecen-

161 1050 289 1116 dantur.
323 1049 395 1116 Hoc
421 1052 506 1118 enim
533 1051 604 1137 ipse
629 1053 693 1119 Dei
717 1053 804 1121 tilius
832 1055 1043 1122 intercetcra
1060 1057 1291 1126 sollicitudinis

161 1155 302 1226 humane
328 1159 465 1225 servitia
489 1158 710 1244 gratissimum
737 1167 876 1247 reputat,
902 1170 936 1230 et
952 1164 993 1230 ob
1012 1163 1046 1229 id
1062 1165 1120 1229 illa
1136 1165 1290 1250 rependit

159 1267 296 1350 premia,
314 1285 377 1350 que
394 1268 619 1353 principaliter
635 1267 792 1338 affectare
806 1269 963 1338 debemus
980 1277 1013 1336 et
1028 1278 1152 1356 petere,
1172 1273 1246 1340 duro
1257 1273 1290 1338 in

159 1375 249 1441 valle
265 1376 364 1459 positi
382 1376 544 1459 presentis
569 1377 711 1454 miserie,
739 1377 868 1444 indulta
883 1378 978 1444 uobis
995 1382 1195 1446 excurrimus
1212 1389 1288 1446 tem-

157 1501 240 1566 pora
257 1483 434 1552 servitutis.
467 1483 546 1552 Gum
572 1486 672 1569 igitar
687 1485 728 1552 de
745 1493 788 1570 te,
823 1505 917 1568 quem
935 1485 1058 1553 habere
1074 1487 1236 1555 credimus
1250 1489 1288 1553 ti·

158 1611 282 1658 morem
301 1591 433 1660 Domini
450 1600 482 1656 et
498 1611 654 1676 amorem,
678 1593 800 1676 quique
826 1591 1061 1677 multiplicibus
1078 1593 1173 1660 donis
1189 1597 1286 1664 virtu·

158 1704 226 1764 tum
245 1700 404 1782 preditus,
421 1699 632 1767 laudabiliter
649 1700 715 1766 seis
732 1709 765 1766 ct
780 1700 874 1767 vales
890 1699 1058 1785 proficere,
1086 1704 1141 1768 ubi
1158 1704 1288 1774 labores

157 1807 335 1893 impendis,
353 1827 505 1892 magnam
517 1809 550 1873 in
562 1806 700 1874 Domino
718 1807 871 1876 fiduciam
889 1807 1081 1893 babeamus,
1100 1820 1289 1898 sperantes,

158 1917 242 1982 utin
260 1918 488 2002 prosecutione
514 1917 681 2002 presentis
698 1918 823 2001 negotii
833 1923 1023 1983 constanter
1036 1918 1192 2005 militans,
1208 1920 1288 1989 illud

157 2024 351 2094 efficacibus
367 2027 485 2094 studiis
502 2035 534 2092 et
550 2027 656 2110 plenis
673 2025 797 2092 debeas
815 2024 987 2094 affectibus
1003 2044 1207 2113 promovere,
1223 2028 1287 2098 fra-

156 2134 346 2200 ternitatem
373 2141 462 2200 tuam
489 2153 645 2218 rogamus
672 2141 704 2200 et
729 2134 895 2200 hortamur
920 2139 1059 2219 attente,
1076 2137 1109 2200 in
1126 2137 1288 2206 remissio·

158 2260 234 2307 nem
253 2242 313 2309 tibi
330 2247 557 2328 peccaminum
582 2239 799 2326 iniungentes,
826 2249 986 2324 quatenus
1014 2243 1200 2311 huiusmodi
1215 2264 1287 2330 pre·

156 2348 246 2418 dicte
264 2357 352 2418 terre
368 2357 488 2416 statum
518 2350 638 2416 Christi
664 2349 814 2417 fidelibus
832 2351 864 2416 iu
880 2352 992 2434 Regno
1009 2350 1155 2437 Ungarie
1170 2372 1229 2438 per
1244 2361 1288 2437 te,

155 2460 211 2526 vel
228 2477 289 2543 per
305 2459 405 2526 alium
424 2479 482 2526 sen
498 2459 582 2526 alios
599 2460 821 2527 Ecclesiamm
834 2460 981 2528 Prolatos
999 2468 1031 2526 et
1048 2461 1196 2542 clericos,
1213 2463 1287 2528 reli

156 2569 271 2654 giosos
288 2574 321 2634 ct
336 2569 525 2652 seculares,
551 2569 782 2650 cuiuscumque
810 2567 981 2651 dignitatis
999 2570 1052 2634 vel
1078 2569 1201 2636 ordinis
1219 2569 1285 2636 luc·

156 2677 233 2759 rint,
251 2696 335 2761 quos
360 2677 404 2742 ad
430 2677 491 2746 boc
507 2675 658 2763 ydoneos
675 2695 749 2744 esse
766 2674 972 2760 cognoveris,
990 2675 1167 2761 diligenter
1183 2697 1286 2762 cxpo·

156 2804 250 2868 nens,
267 2787 381 2869 eisque
397 2805 585 2872 proponens
611 2783 751 2853 sollicite
780 2786 916 2852 verbum
942 2785 1066 2869 Crucis,
1087 2787 1178 2872 ipsos
1194 2787 1287 2852 iuxta

157 2894 271 2958 datam
288 2893 349 2959 tibi
365 2894 537 2960 aDomino
554 2893 696 2978 gratiam
714 2893 847 2958 intentis
862 2890 1001 2958 inducas
1018 2893 1161 2976 monitis,
1181 2901 1214 2960 et
1230 2913 1286 2962 se·

157 3000 244 3069 dalis
276 3000 557 3086 predicationibus
589 3001 790 3086 exhorteris,
821 3007 855 3064 ut
885 3001 1067 3082 cogitantes
1099 3001 1286 3087 prudenter,

158 3115 317 3192 quantum
333 3129 417 3176 nunc
444 3109 592 3193 indigeat
616 3109 763 3194 ipsorum
789 3107 918 3195 prefata
942 3115 1030 3175 terra
1056 3127 1225 3193 succursu,
1242 3109 1286 3174 ad

156 3215 407 3286 subventionem
423 3219 493 3284 eius
509 3217 671 3303 promptis
693 3215 865 3284 intendant
881 3217 1001 3284 animis
1017 3223 1051 3282 et
1065 3217 1192 3286 viribus
1208 3217 1286 3283 totis

1 3315 2 3328 ’
46 3360 48 3374 ·
156 3333 330 3410 exurgant,
356 3327 524 3410 crucisque
549 3331 702 3411 suscepto
734 3325 916 3414 signaculo,
949 3327 1028 3394 illuc
1060 3325 1285 3411 spiritualibus

156 3433 258 3500 armis
275 3439 308 3500 et
323 3433 550 3502 materialibus
566 3433 751 3520 premuniti,
769 3433 811 3499 dc
827 3432 951 3503 Divina
967 3453 1093 3516 quoque
1110 3435 1284 3518 sperantes

158 3541 320 3626 potentia,
337 3561 407 3608 cum
425 3541 635 3610 festinatione
652 3541 840 3627 procedant.
871 3543 913 3608 lit
929 3550 963 3609 ut
979 3543 1066 3608 cirea
1082 3540 1114 3607 id
1131 3559 1170 3607 eo
1187 3539 1288 3608 liben-

156 3655 222 3716 tius
239 3657 273 3716 et
285 3650 467 3720 animosius
485 3653 667 3734 intendant,
684 3671 748 3735 quo
765 3651 884 3718 exinde
900 3651 989 3719 dona
1005 3648 1189 3738 spiritualia
1206 3657 1285 3718 tem·
1314 3645 1324 3664 ⁸

141 3758 327 3847 'paralibus
345 3761 558 3846 proculdubio
569 3759 765 3845 preferenda
782 3762 987 3846 perceperint
1002 3759 1151 3845 potiora;
1168 3777 1228 3824 nos
1244 3756 1285 3826 de

157 3869 401 3955 Omnipotcntis
418 3869 480 3936 Dei
497 3869 732 3952 misericordia,
759 3877 793 3936 et
816 3870 993 3938 Beatorum
1019 3868 1108 3934 Petri
1133 3874 1166 3932 et
1190 3867 1286 3934 Pauli

156 3979 391 4064 Apostolorum
417 3977 487 4046 eius
513 3980 706 4046 auctoritate
729 3977 855 4063 confisi,
873 3985 906 4046 et
922 3977 993 4063 illa,
1010 3997 1106 4061 quam
1123 3975 1213 4042 Deus
1229 3995 1286 4042 uo-

157 4089 219 4172 bis,
236 4087 317 4154 licet
332 4085 486 4172 indignis,
504 4085 631 4172 ligandi
655 4093 756 4169 atque
772 4085 923 4154 solvendi
940 4085 1076 4152 contulit
1093 4089 1284 4169 postestate,

156 4197 308 4264 omnibus
325 4215 402 4263 vere
427 4193 648 4282 penitentibus
674 4201 707 4260 et
732 4181 903 4278 confessis,
921 4191 976 4277 qui
993 4192 1178 4260 huiusmodi
1193 4191 1285 4260 labo·

155 4325 223 4372 rem
241 4305 274 4371 in
291 4303 435 4389 propriis
460 4304 610 4390 personis
638 4302 807 4382 subierint,
824 4307 857 4367 et
873 4301 1035 4386 expensis,
1061 4301 1193 4383 plenam
1211 4319 1283 4366 suo·

155 4435 225 4482 rum
242 4411 469 4500 peccaminum
486 4411 619 4480 veniam
635 4410 852 4495 indulgemus.
884 4408 940 4474 liis
958 4414 1078 4492 autem,
1095 4407 1230 4491 quinon
1249 4407 1282 4472 in

154 4519 297 4606 propriis
314 4519 463 4604 personia
489 4523 567 4588 illuc
593 4517 802 4601 accesserint,
827 4515 937 4584 sedin
955 4515 1023 4581 suis
1042 4514 1214 4582 dumtaxat
1230 4533 1284 4584 ex-

137 4627 267 4712 ·pensis
284 4627 378 4692 iuxta
403 4627 579 4694 facultates
608 4633 640 4691 et
665 4624 843 4710 qualitates
869 4641 946 4690 suas
962 4621 1051 4691 viros
1066 4619 1213 4708 ydoneos
1230 4622 1283 4691 de-
