3270 5280
347 1223 369 1285 Ι
373 1221 409 1286 V.
427 1219 512 1286 Bata
537 1218 646 1305 ktrcly
671 1222 907 1306 mephotdrozaa
930 1243 951 1284 a
970 1219 1120 1306 fllaedth'i
1145 1221 1300 1310 vmddpek
1317 1221 1429 1307 jopoc‘t
1445 1223 1475 1285 a

732 1327 964 1414 azabadadpair.
989 1331 1085 1394 1263.

454 1521 538 1591 Bcla
562 1521 626 1589 Dei
650 1522 764 1606 gracia
778 1520 971 1610 {Hungaria
994 1527 1177 1609 Dalmaoie,
1194 1523 1343 1610 Croacie,
1361 1525 1475 1609 Rama,

349 1629 473 1712 Seroie,
492 1627 645 1713 Gallicis,
671 1628 866 1696 Lodomerie
893 1631 1115 1718 Cumanieque
1136 1635 1205 1700 Rex
1221 1630 1387 1702 uniuersis
1403 1650 1476 1715 pre·

349 1743 460 1806 sentes
476 1738 605 1804 litteras
622 1737 816 1822 inspecturis
839 1740 979 1807 salutem
995 1741 1028 1808 in
1045 1743 1187 1808 omnium
1203 1742 1389 1810 Saluatore.
1425 1739 1476 1804 hd

350 1843 575 1913 uniuersorum
591 1845 748 1911 noticiam
764 1851 877 1912 tenore
893 1852 1098 1932 presencium
1113 1849 1263 1914 volumus
1280 1846 1456 1932 peruenire
1465 1867 1474 1929 3

351 1951 536 2037 quodcum
562 1951 607 2019 ad
630 1957 751 2019 terram
777 1953 966 2020 Monasterii
991 1954 1105 2021 Sancti
1134 1955 1268 2022 Martini
1299 1952 1340 2020 de
1372 1953 1476 2020 Sacro

351 2061 460 2128 Monte
475 2059 645 2125 Pannonia
670 2058 820 2144 Fyzedtu
845 2069 997 2127 vocatam
1022 2060 1170 2146 hospites
1191 2059 1294 2126 libere
1311 2057 1478 2125 condicio·

351 2168 404 2234 nis
420 2165 615 2234 fecissemus
631 2183 690 2250 pro
707 2175 819 2232 nostro
836 2185 894 2234 seu
911 2169 1016 2254 Regni
1033 2170 1135 2236 nestri
1153 2167 1325 2236 commodo
1343 2183 1479 2250 congre·

350 2275 436 2360 gari,
452 2273 494 2340 de
509 2292 671 2340 consensu
698 2280 731 2338 et
755 2273 963 2359 heneplacito
988 2275 1128 2343 Abbatis
1152 2275 1347 2342 hlonasterii
1363 2291 1479 2358 supra·

351 2379 432 2447 dicti
458 2379 584 2447 eisdem
608 2379 794 2464 hospitibus
820 2384 1025 2469 congregatis
1050 2389 1083 2448 et
1109 2384 1354 2466 congregandis
1375 2382 1480 2449 talem

352 2486 577 2555 ordinauimns
596 2505 653 2552 seu
669 2485 841 2554 statuimus
857 2486 1052 2574 libertatem,
1078 2494 1112 2555 vt
1128 2489 1228 2573 iidem
1244 2492 1280 2558 in
1296 2489 1382 2558 sesto
1397 2491 1481 2558 San·

352 2597 396 2663 cti
411 2592 544 2662 Martini
569 2595 702 2661 racione
724 2594 860 2678 terragii
874 2595 1073 2662 hlouasterio
1090 2596 1205 2663 Sancti
1220 2597 1355 2664 Martini
1371 2596 1481 2664 solue·

353 2708 429 2772 rent
445 2701 509 2770 duo
523 2701 673 2789 pondera
688 2701 876 2784 annuatim3
901 2701 934 2768 in
958 2701 1035 2768 aliis
1061 2709 1172 2769 autem
1198 2704 1427 2773 obseruabuut
1444 2701 1481 2768 li-

356 2811 519 2878 bertatem
535 2809 699 2877 Budensis
716 2807 869 2876 Ciuitatis
887 2815 954 2875 tam
969 2809 1003 2876 iu
1019 2807 1108 2878 facto
1126 2810 1238 2896 villici,
1255 2830 1355 2896 quam
1373 2807 1481 2898 eciam

354 2915 443 2984 circa
453 2913 583 3003 judicia
607 2935 646 2984 eo
672 2918 782 3000 modo,
808 2921 843 2982 vt
868 2932 982 2984 omues
1001 2933 1121 2985 causas
1137 2915 1221 2984 iuter
1236 2919 1330 3006 ipsos
1346 2921 1483 2985 exortas

352 3025 481 3095 villicus
507 3043 619 3094 eorum
643 3045 704 3110 pro
729 3032 878 3111 tempore
903 3024 1098 3094 constitutus
1123 3024 1310 3111 judicahit;
1338 3024 1403 3092 hoc
1428 3041 1484 3091 ex·

352 3149 481 3222 presso,
497 3134 585 3218 qnod
600 3133 634 3200 iu
651 3151 754 3202 causa
769 3131 940 3218 sauguinis
957 3131 1019 3200 due
1028 3138 1142 3218 partas
1147 3131 1348 3218 judiciorum
1363 3129 1485 3200 cedent

352 3239 554 3308 lloursterio
580 3239 693 3307 Sancti
718 3237 869 3324 Martini,
896 3237 1003 3304 tercia
1027 3245 1120 3324 parte
1145 3239 1256 3308 villico
1280 3243 1483 3308 remanente.

352 3350 435 3416 Item
450 3353 588 3432 quatuor
604 3345 795 3414 molendina
820 3351 853 3410 et
879 3345 1035 3412 tributum
1051 3346 1084 3410 iu
1101 3345 1263 3432 Fyzedtu,
1279 3365 1346 3432 que
1362 3345 1407 3414 ab
1425 3365 1485 3414 au·

353 3456 446 3542 tique
461 3456 592 3523 luerunt
618 3451 766 3522 eiusdem
792 3453 999 3537 Monasterij,
1025 3451 1132 3521 eidem
1155 3453 1358 3522 Mouasterio
1375 3453 1486 3537 possi·

355 3560 465 3629 denda
480 3560 673 3644 reliquimus
700 3560 799 3646 pleno
827 3559 906 3625 iure.
939 3559 1020 3626 Item
1046 3559 1102 3628 illa
1123 3561 1188 3627 duo
1205 3560 1406 3644 molendina,
1424 3579 1488 3644 que

355 3667 471 3736 Abhas
488 3667 568 3735 dicti
585 3665 780 3733 hlonaaterii
795 3665 984 3748 Herio‚tunc
1000 3667 1157 3753 temporis
1174 3666 1295 3749 villico,
1312 3664 1355 3733 ob
1366 3665 1488 3732 merita

356 3775 570 3844 seruiciorum
588 3774 735 3858 contulit,
752 3772 839 3839 idem
856 3771 955 3838 Herio
973 3778 1006 3837 et
1020 3777 1070 3840 sui
1080 3772 1222 3842 heredes
1239 3773 1310 3841 iure
1320 3781 1488 3861 perpetuo

354 3879 580 3966 possidebunt,
607 3881 656 3945 ita
681 3877 768 3963 quod
793 3897 854 3943 nec
882 3877 1023 3960 villicus,
1048 3880 1104 3963 qui
1128 3900 1188 3968 pro
1212 3889 1360 3966 tempore
1387 3879 1490 3947 fuerit

357 3987 562 4070 constitutus,
589 3989 621 4054 iu
637 3986 719 4073 ipsis
743 3981 941 4052 molendinis
957 3985 1100 4068 aliquam
1115 3987 1250 4056 racione
1265 3984 1488 4054 villicacionis

356 4113 417 4163 sue
432 4093 556 4162 hahere
572 4093 692 4178 poterit
708 4093 907 4180 porcionem.
925 4089 1005 4158 Item
1023 4093 1053 4159 si
1070 4093 1190 4177 aliquis
1206 4113 1248 4162 ex
1264 4091 1331 4159 illis
1347 4093 1489 4179 hospiti·

355 4203 588 4274 bortorodum
615 4204 743 4273 solacio
769 4201 945 4270 destitutus
970 4207 1085 4266 natoue
1107 4199 1253 4267 debitum
1270 4198 1488 4284 persoluerit,

355 4311 398 4379 de
423 4313 573 4380 omnihus
598 4312 695 4380 honis
721 4309 789 4378 suis
815 4308 999 4391 cuicunque
1027 4307 1166 4374 voluerit
1177 4353 1186 4390 ,
1211 4305 1359 4391 legundi,
1385 4307 1488 4373 relin-

357 4421 477 4503 quendi
492 4439 550 4488 seu
567 4418 765 4507 disponendi
791 4417 929 4484 liborum
955 4412 1079 4480 haheat
1103 4414 1296 4480 facultatem
1313 4413 1410 4480 iuxta
1426 4432 1489 4483 sua

358 4525 565 4612 beneplacita
580 4528 766 4596 voluntatis.
785 4527 868 4591 Item
886 4521 914 4586 si
931 4521 1004 4601 quis
1020 4539 1061 4585 ex
1078 4518 1175 4586 dictis
1202 4519 1392 4605 hospitibus
1410 4539 1488 4587 cou-

358 4637 409 4698 tra
425 4633 568 4702 villicum
585 4653 676 4702 suum
693 4633 783 4700 litem
809 4625 950 4714 aggredi
966 4625 1113 4708 voluerit,
1131 4623 1271 4690 eundem
1288 4626 1424 4694 nonnisi
1441 4625 1488 4695 ad
