3270 5280
117 1203 177 1271 IV.
196 1203 309 1271 Orbdo
317 1209 409 1294 pdpu
432 1205 594 1293 readelete,
619 1213 698 1293 bogp
723 1231 763 1273 cz
786 1207 970 1294 estterpomi
995 1204 1141 1273 camut
1166 1205 1246 1270 mia-

231 1313 332 1378 deoki
346 1337 368 1378 a
383 1315 541 1401 ezilkaepee
555 1316 682 1380 cneori
696 1316 856 1403 cepiteepet
872 1319 1011 1402 cyrpftso.
1036 1314 1134 1380 1263.

226 1489 385 1559 Urbanus
402 1491 586 1579 Episcopus
603 1510 717 1561 servus
743 1511 912 1560 seruorum
928 1491 991 1560 D'ei
1006 1491 1247 1561 uenerabilibus

8 1605 11 1616 ’
118 1595 280 1666 iratribus
295 1599 460 1666 universis
484 1597 696 1683 Petriarchis,
722 1599 1000 1688 Archicpisoopis,
1017 1607 1049 1668 et
1064 1601 1246 1688 Episcopis,

118 1723 157 1770 ao
173 1701 306 1772 dilectis
323 1701 398 1770 filiis
415 1703 549 1790 illectis,
569 1705 764 1784 Abbatibus,
781 1705 958 1794 Prioribus,
977 1705 1147 1794 Capitulis,
1165 1707 1247 1776 Gon·

5 1863 6 1868 ,
126 1809 283 1879 ventibus
300 1817 332 1876 et
349 1809 504 1896 Collegiis
531 1811 645 1878 Sancti
675 1813 846 1881 Benedicti
861 1813 914 1881 vel
929 1814 1101 1883 cuiuslibet
1113 1815 1249 1882 alterius

118 1917 266 2005 Ordinis,
291 1938 418 2008 necnon
443 1919 597 2004 Decenis,
622 1918 874 1990 Archidiacouis
885 1972 894 2007 ,
920 1921 1108 2008 Prepositis,
1134 1921 1248 1990 Archi-

5 2047 6 2112 }
118 2027 326 2113 presbiteris,
353 2034 385 2094 et
408 2027 485 2095 aliis
512 2028 736 2095 Ecclesiamm
763 2029 915 2116 Proinde,
941 2049 981 2097 ac
997 2030 1247 2118 Preceptoribus

120 2152 178 2201 seu
194 2122 526 2204 Administratoribus
543 2135 710 2203 domorum
721 2135 901 2222 Hospitalis
918 2143 950 2204 et
965 2135 1094 2223 Templi
1109 2157 1149 2206 eo
1166 2138 1248 2204 Sau-

5 2315 7 2326 ,
120 2247 170 2307 ctc
186 2242 295 2309 Mario
312 2240 590 2311 Tbcutonicorum
607 2243 769 2330 exemptis
786 2251 820 2310 et
835 2263 900 2311 non
917 2245 1087 2332 exemptis,
1103 2243 1147 2311 ad
1164 2263 1247 2328 quos

5 2365 7 2424 r
119 2348 227 2416 littere
250 2349 315 2418 iste
339 2351 548 2436 pervenerint
573 2351 714 2418 salutem
741 2357 773 2418 ct
798 2351 1025 2434 Apostolicam
1049 2350 1247 2420 benedictio-

120 2476 203 2525 nem.
231 2457 315 2526 Oum
331 2457 496 2543 negotium
512 2464 600 2525 terre
616 2465 733 2526 seucte
750 2457 933 2527 venerabili
950 2457 1045 2526 fratri
1059 2466 1170 2526 nostro
1187 2504 1195 2522 .
1211 2505 1221 2524 .
1239 2508 1245 2524 .

120 2565 380 2652 Arcbiepiscopo
406 2565 635 2651 strigoniensi,
651 2563 721 2632 viro
736 2566 850 2649 utique
875 2565 1013 2652 probate
1029 2564 1103 2632 fidei
1120 2573 1154 2634 et
1169 2587 1247 2634 exa·

5 2743 7 2770 1
120 2676 244 2742 minate
261 2673 390 2742 virtutis
415 2673 448 2740 in
474 2673 587 2758 Regno
604 2671 749 2759 Ungerie
766 2673 808 2740 de
825 2677 957 2740 fratrum
973 2679 1155 2742 nostrorum
1171 2693 1246 2741 con·

5 2833 7 2896 ἱ
121 2783 194 2850 silio
220 2781 372 2849 duximus
397 2780 587 2866 specialiter
613 2780 888 2872 committendum,
914 2781 1162 2850 universitatem
1194 2799 1248 2848 re·

5 2915 7 2956 i
122 2899 222 2959 stram
241 2909 422 2973 monemus,
447 2907 600 2974 rogamus
627 2897 659 2958 ct
684 2889 849 2958 hortamur
874 2893 1008 2975 attente,
1035 2909 1095 2976 per
1109 2891 1248 2976 Aposto-

5 3019 7 3036 >
121 3001 188 3068 lice
204 2998 301 3068 vobis
317 2998 442 3084 scripta
458 2999 606 3068 districte
622 2997 832 3085 precipiendo
850 2996 1057 3082 mandentes,
1086 3007 1249 3082 quatenus

122 3107 238 3194 ipsum,
256 3111 355 3176 immo
372 3107 480 3193 potius
500 3127 560 3174 nos
576 3109 609 3173 iu
625 3127 678 3193 eo,
692 3108 733 3174 ob
750 3106 970 3174 reverentiam
986 3107 1176 3193 Apostolice
1190 3104 1248 3172 Se·

123 3215 172 3282 dis
189 3223 224 3284 ct
239 3225 387 3286 nostram
412 3215 445 3280 in
472 3215 589 3299 eundo,
614 3211 771 3282 morando
797 3219 829 3279 et
849 3211 1015 3281 redeundo
1031 3211 1249 3299 suscipientes

5 3323 7 3364 l
124 3321 248 3393 honore
265 3321 442 3408 condigno,
459 3321 522 3388 sibi
538 3327 632 3388 extre
647 3339 740 3388 suam
758 3319 931 3388 Civitatem
948 3327 981 3388 et
996 3321 1162 3389 Dicocsim
1178 3339 1249 3405 per·

123 3433 284 3500 sonaliter
300 3433 333 3498 iu
349 3428 497 3518 predicto
514 3432 645 3515 negotio
665 3427 829 3497 laboranti
847 3449 907 3515 pro
924 3446 960 3496 se
976 3425 1142 3496 sexdecim
1158 3429 1249 3513 equi-

124 3540 242 3608 taturis
260 3546 294 3606 ct
309 3539 592 3624 vingintiquinqne
620 3538 773 3622 personis
798 3539 832 3605 in
847 3537 1056 3621 necessariis,
1072 3554 1200 3602 necnon
1217 3537 1250 3602 in

5 3687 7 3720 ὴ
125 3666 241 3716 securo
259 3644 423 3714 conductu
439 3644 611 3732 providere
627 3645 746 3712 curetis
763 3645 948 3712 liberaliter
963 3652 996 3714 et
1012 3643 1185 3711 decenter:
1203 3642 1251 3708 its

125 3757 212 3839 quod
227 3753 328 3841 idem,
343 3773 439 3838 quem
466 3771 527 3820 nos
545 3759 579 3820 et
595 3753 674 3820 dicti
690 3752 811 3819 fratres
827 3770 885 3818 sue
901 3751 1074 3839 probitatis
1090 3749 1247 3834 exigenti·

5 3869 7 3920 l
125 3863 183 3932 bus
201 3863 327 3931 meritis
353 3881 463 3929 carum
487 3861 648 3930 babemus
674 3859 897 3947 multipliciter
921 3867 954 3926 et
979 3864 1162 3945 acceptum,
1178 3877 1251 3924 cum

72 3995 74 3998 ¹
126 3973 168 4040 ad
184 3971 389 4061 presentiam
406 3976 562 4051 nostram,
579 3971 650 4038 Deo
666 3970 778 4054 danto,
795 3967 939 4051 redierit,
958 3966 1128 4034 laudabile
1145 3967 1252 4052 possit
1345 3964 1352 3970 ’

5 4127 6 4156 r
126 4089 232 4149 vestre
258 4077 507 4167 promptitudiui
532 4078 752 4148 testimonium
777 4076 960 4164 perbibere,
985 4095 1024 4142 ac
1047 4093 1106 4143 uos
1132 4073 1252 4144 exinde

127 4189 265 4258 reddere
281 4189 315 4255 in
330 4188 451 4256 vestris
478 4186 675 4255 utilitatibus
701 4186 939 4274 promptiores:
957 4183 1105 4271 alioquin
1122 4189 1252 4252 senten·

5 4311 7 4390 3
127 4296 201 4384 tias,
219 4315 304 4383 ques
319 4297 467 4384 ipseper
492 4315 528 4364 se
554 4294 608 4364 vel
634 4315 694 4382 per
719 4295 805 4362 alios
829 4293 891 4362 rite
917 4292 1029 4360 tulerit
1053 4293 1088 4360 in
1102 4291 1252 4375 rebelles,

5 4405 7 4490 ξ
128 4413 219 4474 ratas
235 4405 444 4490 habebimus,
470 4421 594 4491 casque
620 4403 776 4470 iaciemus
801 4409 935 4470 auctore
960 4401 1099 4470 Domino
1118 4399 1253 4468 firmiter

5 4589 7 4612 ἶ
128 4513 305 4583 observari.
332 4510 407 4580 Non
422 4512 629 4579 obstantibus
645 4509 810 4596 aliquibus
826 4507 1024 4594 Apostolicis
1039 4505 1252 4595 indulgentiis

5 4615 7 4634 ¹
128 4640 183 4691 sen
210 4621 395 4719 privilegiis
420 4621 481 4688 sub
506 4620 624 4705 queris
650 4619 819 4686 verborum
846 4616 953 4688 torma
979 4621 1158 4702 concessis,
1183 4617 1252 4700 qui·
