3250 5268
630 279 790 388 ns„

136 472 363 556 eademnam,
390 473 564 545 lindissem
592 477 854 564 cracoviensem,
880 489 1089 553 materteram
1116 495 1269 574 nostram,

132 599 180 646 ne
196 581 235 648 in
253 581 417 652 veniendo
433 582 477 650 sd
492 605 552 652 nos
569 589 777 656 rarissimam
793 609 940 658 sororem
966 597 1111 660 nostram
1137 614 1270 680 quomo·

134 684 268 754 borinas
293 687 416 756 debeat
439 691 607 778 impedire,
632 695 756 779 atejus
774 699 981 766 consolemur
996 703 1198 787 praesentia,
1215 705 1269 771 oni

15 841 16 884 3
132 812 273 880 semper
288 797 771 890 desiderarimnssnmmopere
794 823 1009 874 oommenere.

537 1009 683 1088 (Pelseky
693 1033 722 1074 n.
735 1033 760 1073 o.
773 1013 835 1075 28&
848 1015 882 1088 1.)

569 1302 833 1318 *at—‹nn—

129 2089 313 2158 Domomkos
327 2087 408 2176 μό]
418 2109 441 2154 o
455 2089 550 2177 Ome,
566 2096 598 2159 ds
613 2093 764 2184 Lampon
789 2117 811 2162 o
826 2096 917 2184 Loya
930 2095 1156 2184 omanadpddd
1171 2119 1261 2184 perse

129 2197 266 2284 lpydkst
280 2217 302 2260 a
317 2193 416 2263 tadei
429 2197 588 2285 kdptalan
597 2197 674 2266 dots
683 2199 911 2289 mememorato
920 2203 1090 2290 syymdtts'ls
1098 2203 1143 2271 bi.
1160 2204 1259 2272 1267.

237 2411 312 2482 Nos
328 2409 517 2499 Oepitnlnm
532 2411 697 2484 Budsnsis
714 2417 867 2486 Eeolesie
879 2418 996 2487 domm
1012 2437 1072 2507 pro
1088 2419 1258 2506 memoris,

130 2517 220 2606 qnod
237 2520 354 2590 comer
370 2519 563 2592 Dominious
578 2522 666 2592 filins
683 2525 773 2593 Petri
790 2527 929 2596 comitis
944 2528 987 2594 ab
1003 2545 1070 2598 vno
1094 2535 1201 2616 porte,
1226 2535 1260 2596 et

130 2625 431 2715 tempestuosius
447 2629 601 2700 Ruzbord
616 2651 658 2700 ex
674 2633 783 2701 altere
798 2651 910 2701 eorem
925 2634 1022 2702 nobis
1038 2633 1259 2722 personaliter
1390 2677 1397 2692 ι

131 2741 360 2823 comparentes
376 2735 559 2806 retulerunt
573 2739 699 2826 pariter
715 2745 748 2806 et
765 2741 1013 2827 eonoordsrnnt,
1039 2741 1129 2828 qnod
1145 2760 1257 2826 oense,

131 2837 193 2929 qne
208 2845 294 2913 inter
316 2847 407 2933 ipsos
433 2865 532 2933 snper
556 2848 823 2933 possessionibus
847 2847 961 2937 Ipoliti
984 2849 1114 2936 nepotis
1130 2850 1257 2938 Mobor,

131 2971 193 3039 qne
209 2952 362 3022 dominus
377 2953 460 3022 Bela
476 2953 618 3022 illustris
633 2955 705 3022 Rex
721 2956 893 3042 Hungerie
909 2957 1040 3024 domino
1057 2955 1176 3025 Comiti
1191 2957 1257 3026 Do·

132 3060 251 3132 minieo
266 3081 327 3147 pro
343 3063 603 3130 annnnoiaoione
617 3062 732 3148 gaudii
748 3063 790 3130 de
806 3059 980 3131 natiuitate
1007 3063 1168 3148 Stephani
1194 3061 1255 3133 Re-

130 3170 179 3256 gis
195 3169 409 3257 primogeniti
424 3169 475 3238 sui
491 3176 525 3236 et
539 3191 600 3256 pro
617 3171 766 3240 seruioiis
783 3171 855 3257 ejns
882 3173 1074 3257 donauerat,
1092 3192 1155 3257 qne
1166 3173 1256 3241 idem

130 3277 323 3364 Lampertns
344 3279 420 3364 jure
445 3278 689 3364 possessionem
716 3297 809 3347 snam
840 3277 1072 3348 hereditoriam
1103 3281 1147 3346 ab
1178 3281 1254 3366 ipso

131 3384 257 3454 demite
271 3387 444 3454 Dominioo
461 3405 573 3455 eorem
589 3385 723 3454 domino
743 3386 833 3472 Rege
848 3386 929 3452 Bela
954 3387 1152 3470 requirebat,
1176 3387 1255 3454 tali·

15 3551 16 3568 ἶ
130 3501 178 3562 ter
194 3502 285 3562 esset
301 3497 484 3582 composita
499 3503 532 3560 et
547 3495 667 3582 sopita,
695 3492 781 3578 quod
797 3493 904 3561 dietus
928 3492 1046 3562 Comes
1062 3494 1254 3563 Dominious

130 3605 354 3690 possessiones
370 3601 586 3671 hereditarias
603 3599 684 3670 dieti
699 3601 808 3688 Ipoliti
825 3599 916 3669 dedit
932 3611 964 3670 et
989 3605 1174 3688 assignarit
1189 3623 1253 3672 me

132 3717 253 3778 morato
278 3711 459 3798 Lamperto
487 3712 596 3796 quiete
622 3717 655 3779 et
679 3709 818 3796 paoifioe
843 3711 1076 3796 possidendas.
1108 3711 1253 3790 Quarum

132 3821 371 3907 possessionum
396 3819 530 3887 nomina
554 3827 649 3906 sunt,
676 3817 830 3886 videlieet
856 3819 937 3886 ville
966 3817 1145 3904 Chulman3
1172 3819 1254 3887 ville

130 3927 271 4012 ‚Wreuti3
298 3927 376 3995 item
402 3927 482 3996 ville
508 3928 646 4011 Lauko3
674 3932 706 3992 et
733 3933 820 3993 terra
847 3924 1015 3992 cniusdam
1033 3927 1112 3994 ville
1127 3925 1252 3994 Patrim

133 4043 254 4121 vocate,
280 4053 343 4120 que
370 4042 421 4102 est
445 4037 532 4101 inter
556 4037 670 4102 villam
696 4034 834 4118 Bagiam
860 4040 893 4100 et
917 4034 1031 4101 villam
1058 4031 1156 4100 Ontb.
1170 4033 1252 4102 Item

132 4145 211 4214 idem
237 4143 353 4212 comes
379 4142 569 4210 Dominieus
595 4141 688 4210 dedit
713 4149 747 4211 et
773 4143 958 4228 assignarit
984 4141 1051 4227 ipsi
1076 4139 1252 4228 Lamperto

135 4253 290 4339 quandam
306 4253 505 4339 perticulam
531 4258 626 4336 terre,
652 4272 749 4336 quem
766 4252 872 4319 dietus
888 4248 1028 4336 Ipolitns
1047 4250 1081 4317 in
1098 4250 1178 4316 villa
1193 4249 1251 4317 Ze·

134 4360 229 4430 ehebe
244 4361 448 4447 possidebat.
465 4359 618 4428 Preietos
633 4380 711 4427 vero
728 4361 922 4446 Lampertns
939 4358 1104 4443 quendem
1120 4375 1251 4443 posses·

132 4471 247 4538 donem
273 4469 375 4553 leok
399 4474 564 4546 vocatam,
589 4487 689 4552 quem
715 4486 797 4535 auus
822 4467 901 4534 dieti
916 4463 1042 4553 Ipoliti,
1059 4465 1145 4532 sient
1161 4467 1250 4548 dieit,

133 4582 198 4664 jure
214 4577 394 4664 empcionis
410 4575 612 4666 possidebat,
638 4595 710 4646 oum
728 4578 876 4646 omnibus
893 4573 1015 4666 prediis
1032 4581 1065 4642 et
1088 4575 1250 4666 pertinen·
