3230 5268
101 1234 143 1300 11.
161 1234 350 1302 Otokdrnak
365 1258 386 1299 o
402 1235 499 1300 kdto'tt
515 1234 703 1324 bekenee'prdl
718 1236 844 1302 sindon
859 1237 1023 1326 okmciapa.
1048 1239 1146 1306 1270.
1165 1238 1222 1304 00·

597 1342 746 1408 toberbeo.

209 1561 278 1628 Nos
304 1557 482 1626 Ottakarus
509 1565 569 1625 etc.
609 1564 721 1626 tenore
750 1561 970 1645 praesentium
996 1569 1223 1648 protestamur,

103 1671 190 1756 quod
215 1671 294 1738 licet
320 1669 364 1736 ad
389 1667 515 1735 aeterni
530 1669 628 1754 Regis
647 1669 826 1755 exemplar,
852 1671 908 1756 qui
924 1675 1017 1757 pacis
1034 1680 1148 1741 auctor
1164 1679 1224 1762 est,

103 1779 268 1846 institutor
294 1779 416 1864 pariter
443 1784 476 1844 et
502 1788 637 1859 amator,
664 1777 877 1846 concordiam
903 1799 943 1846 ex
968 1780 1060 1866 puris
1076 1799 1224 1850 amemus

103 1887 285 1972 affectibus,
303 1894 335 1954 et
351 1907 475 1972 pacem,
494 1907 590 1972 qoam
608 1889 709 1972 ipsius
726 1886 899 1972 dispositio
920 1886 1058 1974 provida
1085 1909 1156 1956 cum
1173 1907 1226 1957 ca·

102 1997 209 2063 ritatis
225 1997 337 2063 osculo
353 1995 449 2064 nobis
467 1994 558 2061 dedit
574 2001 607 2062 et
623 1997 756 2080 reliquit
767 1996 893 2082 jugiter
904 1999 1143 2066 observandam
1154 2017 1226 2066 cam

105 2104 254 2170 omuibus
271 2103 479 2172 Christianae
495 2102 571 2170 fidei
598 2103 837 2189 professoribus
864 2125 995 2172 servaro
1012 2105 1228 2175 desideranti·

105 2212 167 2280 bus
184 2213 270 2279 rotis
286 2222 318 2280 et
334 2214 451 2279 votivis
468 2212 642 2280 desideriis
661 2210 850 2279 affectemus
870 2237 877 2277 :
898 2221 1008 2281 tamen
1033 2213 1153 2281 affectu
1177 2235 1227 2282 ar·

106 2320 248 2388 deutiori
271 2322 458 2407 appetimus
495 2328 528 2386 et
552 2321 779 2388 desideramus
805 2321 970 2389 desiderio
1001 2323 1162 2408 ampliori,
1192 2329 1229 2389 ut

107 2428 282 2516 praecipue
299 2447 370 2495 cum
387 2429 462 2508 illis,
480 2447 560 2512 quos
576 2428 670 2494 nobis
687 2431 856 2513 sanguinis
872 2431 1059 2515 conjunctio
1075 2429 1228 2517 counivit,

108 2536 279 2604 valcamus
304 2538 336 2602 iu
361 2537 453 2620 pacis
481 2537 596 2602 unione
623 2545 655 2602 et
671 2537 782 2604 debito
800 2536 985 2605 dilectionis
1001 2537 1130 2605 fervore
1145 2536 1229 2607 sicut

111 2643 206 2712 decet
222 2645 336 2712 sedulo
362 2664 565 2730 permanere.
598 2647 780 2732 Eaproptcr
804 2647 994 2731 diligentius
1017 2646 1181 2716 intuentes
1197 2653 1231 2714 et

109 2761 238 2823 attenta
254 2756 519 2824 consideratione
531 2765 719 2844 pensantes,
737 2757 824 2842 quod
839 2777 904 2825 una
929 2777 1001 2824 cum
1027 2753 1156 2824 domino
1180 2756 1229 2824 St.

111 2863 324 2932 Seuerissimo
338 2863 429 2948 Rege
439 2865 644 2952 Ungarorum
656 2875 717 2936 etc.
733 2888 798 2934 non
815 2866 918 2933 solum
933 2867 1046 2932 unicus
1057 2865 1117 2931 sed
1127 2863 1232 2952 dupli·

111 2977 202 3040 catus
226 2971 463 3042 familiaritatis
489 2976 650 3049 funiculus
675 2975 708 3044 in
734 2975 880 3042 amicitia
904 2996 963 3042 nos
980 2974 1181 3057 constringit,
1198 2978 1232 3040 et

112 3082 276 3166 quodtam
292 3085 562 3169 consanguinitas
573 3106 670 3168 quam
687 3085 831 3151 affinitas
848 3084 892 3150 ad
909 3081 1103 3151 concordiae
1118 3079 1231 3148 oscula

112 3193 305 3259 alterutrum
330 3212 390 3260 uos
415 3191 563 3268 inuitant,
580 3194 720 3259 animum
738 3193 935 3278 praebemus
953 3199 985 3259 et
1000 3190 1161 3278 praebere
1176 3209 1232 3256 uo·

112 3301 220 3369 tumus
236 3301 280 3367 ad
296 3303 414 3386 omnia,
431 3321 514 3385 qnae
529 3303 613 3370 inter
638 3303 745 3387 ipsam
762 3309 795 3368 et
821 3322 880 3369 nos
905 3321 1018 3386 pacem
1045 3307 1078 3366 ct
1103 3317 1232 3366 concor·

114 3407 201 3476 dium
217 3416 363 3477 mutuam
379 3431 496 3497 sapere
513 3411 731 3478 dinoscuntur.
749 3412 849 3495 Cujus
866 3411 1027 3496 siquidem
1052 3408 1146 3496 pacis
1174 3426 1232 3475 seu

115 3518 310 3587 concordiae
325 3517 410 3598 unio,
426 3526 462 3584 ut
477 3518 648 3600 interjecto
674 3521 781 3604 atiquo
803 3519 959 3606 temporis
976 3517 1149 3586 intervallo
1165 3535 1231 3584 am·

115 3627 201 3713 ptius
227 3627 367 3714 uniatur,
392 3626 534 3696 tirmctur
558 3629 682 3696 firmius
708 3633 741 3692 ct
767 3627 879 3694 fortius
904 3625 1069 3712 solidetur,
1087 3625 1233 3709 quolibet

114 3735 262 3802 rancoris
288 3743 505 3824 symptomata
529 3743 676 3803 resecato
694 3759 701 3798 :
719 3755 796 3802 ecce
828 3741 960 3820 treugas
991 3735 1117 3818 absque
1144 3733 1233 3800 omui

115 3843 231 3911 troade
258 3853 291 3910 et
316 3845 390 3912 dolo
415 3847 533 3914 aiesto
566 3846 677 3914 Sancti
701 3845 830 3913 Martini
856 3843 1004 3929 proximo
1020 3841 1157 3910 affuturo
1173 3859 1233 3928 per

118 3953 201 4022 duos
227 3972 330 4021 anuos
356 3973 428 4020 cnm
445 3955 516 4041 ipso
532 3956 716 4041 statuimus‚·
732 3975 812 4040 quos
828 3975 888 4042 per
904 3973 963 4020 nos
983 3958 1016 4018 et
1029 3972 1088 4039 per
1103 3957 1233 4019 nostros

119 4061 261 4132 tidelitsr
284 4063 501 4149 promittimus
526 4065 723 4151 observare;
748 4062 936 4149 hujusmodi
966 4081 1081 4146 nempe
1112 4058 1234 4144 treugis

117 4171 324 4241 uenerabiles
339 4179 451 4260 patres
467 4173 625 4257 dominos,
646 4175 936 4259 salzeburgensem
946 4168 1234 4257 archiepiscopum

119 4289 181 4350 eto.
208 4281 356 4367 aliosque
380 4281 493 4351 fideles
510 4290 543 4350 et
566 4283 712 4352 fautores
736 4289 867 4350 nostros
884 4303 925 4349 ox
940 4285 1034 4366 parte
1049 4282 1162 4345 nostra
1176 4292 1233 4340 no·

121 4391 270 4460 minutim
286 4399 318 4461 et
333 4392 522 4478 speciatiter
537 4393 743 4464 includendo.
757 4392 846 4473 Quas
863 4389 1008 4477 profecto
1025 4393 1168 4472 treugas,
1188 4381 1235 4451 ad

122 4499 281 4585 majorem
298 4501 537 4572 observantiam
553 4503 736 4585 earundem,
758 4497 997 4571 conditionibus
1013 4495 1112 4562 ctiam
1127 4489 1235 4561 ralla·

123 4615 227 4684 rimus
253 4613 341 4681 inira
368 4615 508 4700 scriptis,
533 4609 687 4680 videlicet
701 4609 787 4695 quod
802 4613 831 4678 si
846 4610 918 4695 quis
935 4627 992 4679 eas
1009 4625 1050 4676 ex
1064 4600 1159 4675 nobis
1170 4599 1235 4671 tor·

122 4727 208 4798 sitan
222 4723 367 4812 violarit,
383 4744 423 4794 ex
438 4721 509 4809 ipso
526 4720 614 4796 iacto
639 4718 964 4797 excommunicationi
988 4713 1104 4870 spmmi
1128 4709 1235 4784 Ponti·

285 4833 290 4844 '
963 4826 1005 4902 ld
