3250 5268
820 331 974 438 ,194-

334 547 398 593 non
427 527 590 594 iacientes
617 529 748 612 plenam
774 535 807 594 et
832 545 1026 612 expressam
1052 525 1092 591 de
1117 523 1244 591 indulto
1276 523 1468 592 huiusmodi

334 635 544 721 mentionem,
562 637 633 702 sive
649 637 761 718 aliqua
781 635 984 720 indulgentia
1000 634 1096 703 Sedis
1113 633 1270 715 ciusdem,
1288 651 1467 717 perquam

334 740 469 811 effectus
488 743 673 812 huiusmodi
699 743 806 830 gratie
832 743 984 830 impediri
1010 743 1121 809 valeat
1138 740 1189 806 rel
1208 738 1342 824 differri,
1371 737 1466 805 etde

338 869 404 935 qna
420 850 452 916 in
470 852 591 919 nostris
607 850 726 918 litteris
751 851 821 918 ficri
846 847 966 916 debeat
987 849 1108 916 mentio
1125 845 1292 934 specialis.
1324 844 1464 912 Contra·

335 959 481 1028 <lictores
498 965 559 1027 etc.
576 959 826 1045 compescendo.
859 959 981 1026 Datum
1006 956 1095 1046 apud
1111 955 1234 1024 Urbem
1250 955 1405 1023 Veterem
1422 955 1466 1022 X.

337 1068 412 1136 Kal.
430 1069 642 1156 Septembris,
659 1067 871 1136 Pontificatus
887 1068 990 1137 nostri
1006 1085 1093 1137 auno
1109 1066 1216 1134 tertio.

443 1264 504 1336 (iv.
517 1262 615 1324 Orbtn
628 1263 707 1340 ptpa
719 1262 1061 1339 Regestiibbl,'1'heinsr
1074 1261 1113 1319 id.
1127 1279 1164 1320 nu.
1178 1261 1199 1317 1.
1213 1261 1242 1317 k.
1254 1257 1317 1317 2⁴27.
1330 1257 1360 1328 b)

769 1561 1030 1574 m

875 1999 930 2068 rt.

341 2181 364 2247 l
367 2179 402 2246 V.
421 2181 528 2249 Orbem
548 2187 640 2270 popu
659 2179 772 2246 Boline
790 2188 913 2247 mutere
931 2179 1217 2265 mstcrpammeppei
1236 2179 1368 2246 dicim
1392 2188 1474 2245 salt-

525 2287 613 2354 lutae
629 2285 903 2374 wroeuptclsualpc
916 2285 982 2352 olel
989 2283 1150 2372 falmeatt
1174 2284 1273 2352 1264.

450 2481 604 2553 Urbanus
619 2485 803 2572 Episcopus
821 2491 881 2552 etc.
900 2481 1021 2550 dilecto
1038 2479 1106 2550 filio
1117 2481 1277 2568 magistro
1288 2480 1471 2552 Valentino

343 2592 494 2662 Diacono
510 2592 726 2678 strigoniensi
743 2591 884 2659 salutem
900 2599 963 2658 etc.
996 2589 1156 2676 Exemplo
1179 2590 1321 2674 Domini,
1339 2592 1398 2675 qui
1414 2591 1476 2658 bo·

347 2719 405 2767 nos
422 2701 650 2768 benedictione
666 2700 874 2786 prosequitur
885 2704 917 2767 et
928 2698 986 2766 dat
1002 2698 1154 2764 virtutum
1172 2699 1298 2766 meritis
1314 2717 1374 2768 sue
1386 2698 1478 2768 dona

345 2807 472 2893 percipi
496 2807 670 2894 largitatis,
698 2805 813 2876 fauore
840 2809 939 2893 digno
966 2807 1155 2873 instruimur
1183 2812 1217 2874 et
1241 2808 1291 2874 cis
1315 2805 1478 2874 adbibere

347 2912 537 2994 subsidium,
554 2935 613 3002 per
630 2917 715 3000 quod
731 2913 863 2982 honoris
878 2920 911 2982 et
927 2913 1014 2982 lame
1031 2913 1213 2999 suscipiant
1229 2914 1476 2982 incrementum.

345 3023 505 3106 Hincest,
523 3023 698 3107 quodcum
716 3023 799 3090 sicut
824 3043 865 3090 ex
891 3031 983 3110 parte
1008 3021 1171 3089 carrssimi
1196 3019 1229 3087 iu
1255 3021 1389 3092 Christo
1417 3021 1479 3088 tilii

347 3131 449 3198 nostri
465 3128 576 3217 B(ele)
592 3131 742 3218 Ungaric
766 3131 866 3217 Regis
893 3131 1033 3198 illustris
1061 3129 1121 3198 fuit
1139 3130 1345 3215 propositum
1364 3149 1480 3196 coram

345 3237 450 3322 nobis,
467 3243 502 3304 tu
519 3236 680 3305 delectum
706 3239 875 3324 natalium,
900 3258 996 3322 quem
1023 3237 1065 3305 de
1090 3238 1278 3323 presbitero
1296 3239 1429 3324 genitus
1447 3245 1483 3304 et

347 3344 455 3412 soluta
465 3345 599 3431 pateris,
611 3345 718 3412 studio
731 3346 1077 3414 bonecouservationis
1088 3351 1121 3412 et
1130 3346 1206 3432 vite,
1220 3347 1403 3412 litterarum
1417 3346 1481 3414 sei-

347 3453 447 3540 entia,
466 3452 575 3520 etrite
586 3454 737 3540 amplexu
748 3454 907 3522 redimere
927 3453 1121 3539 dinosceris,
1135 3453 1324 3522 nosintuitu
1336 3453 1481 3539 predicti

346 3559 458 3646 Regis,
476 3559 531 3644 qui
548 3579 606 3645 per
623 3577 715 3626 suum
740 3561 916 3646 specialem
942 3561 1088 3628 nuntium
1106 3562 1332 3648 Apostolicam
1358 3581 1419 3647 pro
1446 3567 1479 3629 to

348 3665 488 3749 gratiam
506 3664 693 3736 affectuosis
718 3668 872 3754 precibus
897 3667 974 3736 lecit
997 3668 1181 3755 implorari,
1206 3669 1357 3739 volentes
1382 3677 1419 3736 ut
1445 3679 1481 3736 tu

347 3775 506 3862 premium
532 3775 574 3844 de
597 3775 761 3861 probitate
787 3777 974 3865 percipiens
992 3778 1144 3846 virtutum
1165 3777 1333 3863 amplexui
1350 3783 1481 3864 tempus

348 3881 526 3971 deputasse
550 3883 741 3970 preteritum
766 3890 798 3951 et
822 3885 960 3954 loturum
986 3887 1130 3954 adiicere
1161 3884 1347 3968 delecteris,
1380 3884 1480 3971 quod,

348 3991 535 4058 huiusmodi
550 4010 616 4058 non
632 3989 783 4061 obstante
799 3993 938 4078 defectu,
955 3995 988 4060 in
1005 3994 1167 4080 susceptis
1183 3993 1373 4062 ministrare
1388 3995 1482 4063 ordi-

349 4097 443 4165 nibus
459 4103 492 4166 et
507 4098 540 4163 in
556 4097 769 4186 presbiterum
795 4102 970 4185 provenire
996 4121 1036 4170 uc
1062 4099 1258 4170 beneficium
1274 4103 1482 4171 ecclesiasti·

349 4223 431 4291 cum,
445 4195 547 4273 'etiam
564 4206 592 4274 si
609 4226 717 4290 curam
734 4209 856 4276 habeat
881 4209 1073 4288 animarum,
1091 4216 1123 4278 et
1139 4211 1198 4277 tibi
1215 4211 1301 4278 alias
1319 4211 1483 4280 canonice

351 4309 512 4400 offeratur,
529 4315 677 4384 obtinere
693 4316 829 4404 valeus,
854 4318 997 4385 maxime
1013 4337 1084 4386 cum
1103 4317 1255 4388 defectus
1272 4319 1395 4404 ipsein
1412 4319 1483 4388 illis

350 4419 509 4506 partibus,
526 4423 613 4490 sicut
628 4424 798 4510 asseritur,
823 4423 866 4490 sit
891 4425 1047 4508 occultus,
1075 4431 1180 4492 tecum
1206 4424 1294 4494 reris
1310 4427 1483 4496 existenti-

350 4524 411 4591 bus
429 4528 637 4613 supradiotis,
665 4531 854 4615 Apostolioa
885 4532 1078 4599 auctoritate
1094 4531 1136 4599 dc
1153 4533 1291 4618 speciali
1307 4537 1419 4618 gratia
1435 4534 1485 4604 (li-

352 4649 568 4720 spensumus5
594 4638 643 4703 ita
668 4644 798 4722 tamen,
825 4637 912 4719 quod
938 4646 1033 4722 prout
1057 4641 1204 4723 requiret
1219 4661 1302 4708 onus
1319 4643 1485 4730 beneficii,
