<?xml version="1.0" encoding="UTF-8"?>
<!DOCTYPE html PUBLIC "-//W3C//DTD XHTML 1.0 Transitional//EN"
    "http://www.w3.org/TR/xhtml1/DTD/xhtml1-transitional.dtd">
<html xmlns="http://www.w3.org/1999/xhtml" xml:lang="en" lang="en">
 <head>
  <title>
</title>
<meta http-equiv="Content-Type" content="text/html;charset=utf-8" />
  <meta name='ocr-system' content='tesseract 3.04.00' />
  <meta name='ocr-capabilities' content='ocr_page ocr_carea ocr_par ocr_line ocrx_word'/>
</head>
<body>
  <div class='ocr_page' id='page_1' title='image "./codexdiplomatic07wenzgoog_0296.png"; bbox 0 0 3248 5274; ppageno 0'>
   <div class='ocr_carea' id='block_1_1' title="bbox 882 281 1040 389">
    <p class='ocr_par' dir='ltr' id='par_1_1' title="bbox 882 281 1040 389">
     <span class='ocr_line' id='line_1_1' title="bbox 882 281 1040 389; baseline 0 -39"><span class='ocrx_word' id='word_1_1' title='bbox 882 281 1040 389; x_wconf 42' lang='lat' dir='ltr'><strong>„np—</strong></span> 
     </span>
    </p>
   </div>
   <div class='ocr_carea' id='block_1_2' title="bbox 403 475 1536 1634">
    <p class='ocr_par' dir='ltr' id='par_1_2' title="bbox 403 475 1536 1634">
     <span class='ocr_line' id='line_1_2' title="bbox 405 475 1535 566; baseline -0.005 -20"><span class='ocrx_word' id='word_1_2' title='bbox 405 479 636 566; x_wconf 88' lang='lat' dir='ltr'><strong>premissorum</strong></span> <span class='ocrx_word' id='word_1_3' title='bbox 661 480 803 548; x_wconf 89' lang='lat' dir='ltr'><strong>omnium</strong></span> <span class='ocrx_word' id='word_1_4' title='bbox 827 479 996 564; x_wconf 78' lang='lat' dir='ltr'><strong>utilitates,</strong></span> <span class='ocrx_word' id='word_1_5' title='bbox 1013 483 1134 547; x_wconf 79' lang='lat' dir='ltr'><strong>fruetus</strong></span> <span class='ocrx_word' id='word_1_6' title='bbox 1159 486 1193 544; x_wconf 90' lang='lat' dir='ltr'><strong>et</strong></span> <span class='ocrx_word' id='word_1_7' title='bbox 1207 497 1313 558; x_wconf 85' lang='lat' dir='ltr'><strong>reum,</strong></span> <span class='ocrx_word' id='word_1_8' title='bbox 1328 477 1358 545; x_wconf 88' lang='lat' dir='ltr'><strong>si</strong></span> <span class='ocrx_word' id='word_1_9' title='bbox 1372 475 1535 555; x_wconf 83' lang='lat' dir='ltr'><strong>voluerit,</strong></span> 
     </span>
     <span class='ocr_line' id='line_1_3' title="bbox 404 583 1533 674; baseline -0.004 -20"><span class='ocrx_word' id='word_1_10' title='bbox 404 592 498 673; x_wconf 87' lang='lat' dir='ltr'><strong>prout</strong></span> <span class='ocrx_word' id='word_1_11' title='bbox 512 589 678 674; x_wconf 75' lang='lat' dir='ltr'><strong>hactemus,</strong></span> <span class='ocrx_word' id='word_1_12' title='bbox 694 588 866 674; x_wconf 89' lang='lat' dir='ltr'><strong>percipere</strong></span> <span class='ocrx_word' id='word_1_13' title='bbox 882 588 1001 672; x_wconf 83' lang='lat' dir='ltr'><strong>poterit</strong></span> <span class='ocrx_word' id='word_1_14' title='bbox 1016 587 1175 656; x_wconf 81' lang='lat' dir='ltr'><strong>iuxtasue</strong></span> <span class='ocrx_word' id='word_1_15' title='bbox 1185 587 1313 656; x_wconf 86' lang='lat' dir='ltr'><strong>libitum</strong></span> <span class='ocrx_word' id='word_1_16' title='bbox 1322 583 1533 669; x_wconf 77' lang='lat' dir='ltr'><strong>uoluntatis3</strong></span> 
     </span>
     <span class='ocr_line' id='line_1_4' title="bbox 404 696 1536 784; baseline -0.002 -22"><span class='ocrx_word' id='word_1_17' title='bbox 404 703 590 784; x_wconf 76' lang='lat' dir='ltr'><strong>presentem</strong></span> <span class='ocrx_word' id='word_1_18' title='bbox 605 704 715 766; x_wconf 87' lang='lat' dir='ltr'><strong>autem</strong></span> <span class='ocrx_word' id='word_1_19' title='bbox 730 696 945 766; x_wconf 73' lang='lat' dir='ltr'><strong>donacionem</strong></span> <span class='ocrx_word' id='word_1_20' title='bbox 964 715 1122 766; x_wconf 83' lang='lat' dir='ltr'><strong>reuocare</strong></span> <span class='ocrx_word' id='word_1_21' title='bbox 1137 704 1173 766; x_wconf 91' lang='lat' dir='ltr'><strong>et</strong></span> <span class='ocrx_word' id='word_1_22' title='bbox 1186 701 1368 766; x_wconf 88' lang='lat' dir='ltr'><strong>retractare</strong></span> <span class='ocrx_word' id='word_1_23' title='bbox 1383 714 1452 763; x_wconf 91' lang='lat' dir='ltr'><strong>non</strong></span> <span class='ocrx_word' id='word_1_24' title='bbox 1469 711 1536 778; x_wconf 92' lang='lat' dir='ltr'><strong>po-</strong></span> 
     </span>
     <span class='ocr_line' id='line_1_5' title="bbox 403 803 1536 888; baseline -0.005 -16"><span class='ocrx_word' id='word_1_25' title='bbox 403 805 481 874; x_wconf 82' lang='lat' dir='ltr'><strong>teuit</strong></span> <span class='ocrx_word' id='word_1_26' title='bbox 504 804 572 875; x_wconf 91' lang='lat' dir='ltr'><strong>ullo</strong></span> <span class='ocrx_word' id='word_1_27' title='bbox 595 806 703 875; x_wconf 87' lang='lat' dir='ltr'><strong>modo.</strong></span> <span class='ocrx_word' id='word_1_28' title='bbox 729 806 767 874; x_wconf 94' lang='lat' dir='ltr'><strong>In</strong></span> <span class='ocrx_word' id='word_1_29' title='bbox 793 803 884 874; x_wconf 88' lang='lat' dir='ltr'><strong>cuius</strong></span> <span class='ocrx_word' id='word_1_30' title='bbox 899 804 948 872; x_wconf 89' lang='lat' dir='ltr'><strong>rei</strong></span> <span class='ocrx_word' id='word_1_31' title='bbox 963 804 1180 874; x_wconf 84' lang='lat' dir='ltr'><strong>testimonium</strong></span> <span class='ocrx_word' id='word_1_32' title='bbox 1196 809 1229 872; x_wconf 86' lang='lat' dir='ltr'><strong>et</strong></span> <span class='ocrx_word' id='word_1_33' title='bbox 1243 805 1436 872; x_wconf 82' lang='lat' dir='ltr'><strong>memoriam</strong></span> <span class='ocrx_word' id='word_1_34' title='bbox 1452 820 1536 888; x_wconf 86' lang='lat' dir='ltr'><strong>per-</strong></span> 
     </span>
     <span class='ocr_line' id='line_1_6' title="bbox 404 909 1536 1002; baseline -0.007 -20"><span class='ocrx_word' id='word_1_35' title='bbox 404 920 537 1002; x_wconf 76' lang='lat' dir='ltr'><strong>petuam</strong></span> <span class='ocrx_word' id='word_1_36' title='bbox 560 921 730 1001; x_wconf 79' lang='lat' dir='ltr'><strong>presentes</strong></span> <span class='ocrx_word' id='word_1_37' title='bbox 753 913 883 982; x_wconf 85' lang='lat' dir='ltr'><strong>litteras</strong></span> <span class='ocrx_word' id='word_1_38' title='bbox 915 912 959 980; x_wconf 75' lang='lat' dir='ltr'><strong>cd</strong></span> <span class='ocrx_word' id='word_1_39' title='bbox 982 914 1180 1002; x_wconf 88' lang='lat' dir='ltr'><strong>peticionem</strong></span> <span class='ocrx_word' id='word_1_40' title='bbox 1205 913 1330 982; x_wconf 90' lang='lat' dir='ltr'><strong>domini</strong></span> <span class='ocrx_word' id='word_1_41' title='bbox 1361 909 1536 998; x_wconf 89' lang='lat' dir='ltr'><strong>Prcpositi</strong></span> 
     </span>
     <span class='ocr_line' id='line_1_7' title="bbox 405 1020 1534 1111; baseline -0.004 -20"><span class='ocrx_word' id='word_1_42' title='bbox 405 1030 439 1091; x_wconf 88' lang='lat' dir='ltr'><strong>ot</strong></span> <span class='ocrx_word' id='word_1_43' title='bbox 452 1023 648 1092; x_wconf 74' lang='lat' dir='ltr'><strong>instanciam</strong></span> <span class='ocrx_word' id='word_1_44' title='bbox 665 1021 806 1090; x_wconf 86' lang='lat' dir='ltr'><strong>omnium</strong></span> <span class='ocrx_word' id='word_1_45' title='bbox 821 1021 1016 1089; x_wconf 78' lang='lat' dir='ltr'><strong>villanorum</strong></span> <span class='ocrx_word' id='word_1_46' title='bbox 1026 1021 1068 1090; x_wconf 92' lang='lat' dir='ltr'><strong>de</strong></span> <span class='ocrx_word' id='word_1_47' title='bbox 1078 1020 1262 1111; x_wconf 87' lang='lat' dir='ltr'><strong>Vesprimic</strong></span> <span class='ocrx_word' id='word_1_48' title='bbox 1272 1022 1338 1108; x_wconf 89' lang='lat' dir='ltr'><strong>ipsi</strong></span> <span class='ocrx_word' id='word_1_49' title='bbox 1347 1022 1434 1108; x_wconf 78' lang='lat' dir='ltr'><strong>Elye</strong></span> <span class='ocrx_word' id='word_1_50' title='bbox 1450 1037 1534 1088; x_wconf 92' lang='lat' dir='ltr'><strong>con-</strong></span> 
     </span>
     <span class='ocr_line' id='line_1_8' title="bbox 405 1129 1534 1218; baseline -0.004 -20"><span class='ocrx_word' id='word_1_51' title='bbox 405 1133 562 1200; x_wconf 89' lang='lat' dir='ltr'><strong>cessimus</strong></span> <span class='ocrx_word' id='word_1_52' title='bbox 577 1131 680 1216; x_wconf 76' lang='lat' dir='ltr'><strong>sigilli</strong></span> <span class='ocrx_word' id='word_1_53' title='bbox 695 1130 799 1200; x_wconf 85' lang='lat' dir='ltr'><strong>nostri</strong></span> <span class='ocrx_word' id='word_1_54' title='bbox 814 1129 989 1198; x_wconf 88' lang='lat' dir='ltr'><strong>munimine</strong></span> <span class='ocrx_word' id='word_1_55' title='bbox 1004 1129 1185 1199; x_wconf 87' lang='lat' dir='ltr'><strong>roboratas.</strong></span> <span class='ocrx_word' id='word_1_56' title='bbox 1196 1131 1317 1200; x_wconf 90' lang='lat' dir='ltr'><strong>Datum</strong></span> <span class='ocrx_word' id='word_1_57' title='bbox 1332 1150 1392 1218; x_wconf 87' lang='lat' dir='ltr'><strong>per</strong></span> <span class='ocrx_word' id='word_1_58' title='bbox 1407 1146 1534 1198; x_wconf 72' lang='lat' dir='ltr'><strong>manns</strong></span> 
     </span>
     <span class='ocr_line' id='line_1_9' title="bbox 404 1236 1532 1327; baseline -0.002 -21"><span class='ocrx_word' id='word_1_59' title='bbox 404 1240 574 1327; x_wconf 73' lang='lat' dir='ltr'><strong>Bogeulay</strong></span> <span class='ocrx_word' id='word_1_60' title='bbox 588 1239 734 1308; x_wconf 73' lang='lat' dir='ltr'><strong>Lentonis</strong></span> <span class='ocrx_word' id='word_1_61' title='bbox 749 1236 898 1306; x_wconf 83' lang='lat' dir='ltr'><strong>Ecclesie</strong></span> <span class='ocrx_word' id='word_1_62' title='bbox 911 1243 1033 1321; x_wconf 87' lang='lat' dir='ltr'><strong>nostre,</strong></span> <span class='ocrx_word' id='word_1_63' title='bbox 1051 1257 1137 1306; x_wconf 91' lang='lat' dir='ltr'><strong>anno</strong></span> <span class='ocrx_word' id='word_1_64' title='bbox 1153 1239 1284 1306; x_wconf 90' lang='lat' dir='ltr'><strong>Domini</strong></span> <span class='ocrx_word' id='word_1_65' title='bbox 1300 1236 1351 1304; x_wconf 74' lang='lat' dir='ltr'><strong>ll⁰</strong></span> <span class='ocrx_word' id='word_1_66' title='bbox 1362 1237 1433 1305; x_wconf 78' lang='lat'><strong>00⁰</strong></span> <span class='ocrx_word' id='word_1_67' title='bbox 1449 1256 1532 1322; x_wconf 86' lang='lat' dir='ltr'><strong>sep·</strong></span> 
     </span>
     <span class='ocr_line' id='line_1_10' title="bbox 405 1343 1530 1434; baseline -0.002 -20"><span class='ocrx_word' id='word_1_68' title='bbox 405 1347 587 1434; x_wconf 82' lang='lat' dir='ltr'><strong>tuagesimo</strong></span> <span class='ocrx_word' id='word_1_69' title='bbox 604 1348 718 1434; x_wconf 90' lang='lat' dir='ltr'><strong>primo.</strong></span> <span class='ocrx_word' id='word_1_70' title='bbox 733 1343 925 1414; x_wconf 85' lang='lat' dir='ltr'><strong>Reverendo</strong></span> <span class='ocrx_word' id='word_1_71' title='bbox 944 1345 979 1412; x_wconf 91' lang='lat' dir='ltr'><strong>in</strong></span> <span class='ocrx_word' id='word_1_72' title='bbox 995 1344 1126 1414; x_wconf 81' lang='lat' dir='ltr'><strong>Christo</strong></span> <span class='ocrx_word' id='word_1_73' title='bbox 1142 1353 1237 1433; x_wconf 85' lang='lat' dir='ltr'><strong>patre</strong></span> <span class='ocrx_word' id='word_1_74' title='bbox 1260 1346 1394 1416; x_wconf 91' lang='lat' dir='ltr'><strong>domino</strong></span> <span class='ocrx_word' id='word_1_75' title='bbox 1419 1345 1530 1414; x_wconf 85' lang='lat' dir='ltr'><strong>Paulo</strong></span> 
     </span>
     <span class='ocr_line' id='line_1_11' title="bbox 406 1452 1531 1546; baseline -0.004 -22"><span class='ocrx_word' id='word_1_76' title='bbox 406 1455 570 1546; x_wconf 73' lang='lat' dir='ltr'><strong>Episcopo</strong></span> <span class='ocrx_word' id='word_1_77' title='bbox 594 1461 723 1540; x_wconf 88' lang='lat' dir='ltr'><strong>nostro;</strong></span> <span class='ocrx_word' id='word_1_78' title='bbox 750 1452 908 1538; x_wconf 76' lang='lat' dir='ltr'><strong>magistro</strong></span> <span class='ocrx_word' id='word_1_79' title='bbox 934 1452 1037 1520; x_wconf 80' lang='lat' dir='ltr'><strong>Paulo</strong></span> <span class='ocrx_word' id='word_1_80' title='bbox 1062 1453 1212 1540; x_wconf 77' lang='lat' dir='ltr'><strong>(lentore,</strong></span> <span class='ocrx_word' id='word_1_81' title='bbox 1237 1455 1352 1541; x_wconf 80' lang='lat' dir='ltr'><strong>Bogus</strong></span> <span class='ocrx_word' id='word_1_82' title='bbox 1377 1453 1531 1524; x_wconf 75' lang='lat' dir='ltr'><strong>Custode</strong></span> 
     </span>
     <span class='ocr_line' id='line_1_12' title="bbox 406 1565 629 1634; baseline -0.013 1"><span class='ocrx_word' id='word_1_83' title='bbox 406 1565 629 1634; x_wconf 84' lang='lat' dir='ltr'><strong>existentibus.</strong></span> 
     </span>
    </p>
   </div>
   <div class='ocr_carea' id='block_1_3' title="bbox 591 1753 1332 1833">
    <p class='ocr_par' dir='ltr' id='par_1_3' title="bbox 591 1753 1332 1833">
     <span class='ocr_line' id='line_1_13' title="bbox 591 1753 1332 1833; baseline -0.003 -17"><span class='ocrx_word' id='word_1_84' title='bbox 591 1755 739 1833; x_wconf 79' lang='lat' dir='ltr'><strong>OEredetie</strong></span> <span class='ocrx_word' id='word_1_85' title='bbox 751 1774 770 1816; x_wconf 88' lang='lat' dir='ltr'><strong>a</strong></span> <span class='ocrx_word' id='word_1_86' title='bbox 781 1753 944 1830; x_wconf 74' lang='lat' dir='ltr'><strong>resapremi</strong></span> <span class='ocrx_word' id='word_1_87' title='bbox 955 1753 1098 1832; x_wconf 78' lang='lat' dir='ltr'><strong>kdptalan</strong></span> <span class='ocrx_word' id='word_1_88' title='bbox 1109 1756 1332 1830; x_wconf 75' lang='lat' dir='ltr'><strong>lsvdlttrtban)</strong></span> 
     </span>
    </p>
   </div>
   <div class='ocr_carea' id='block_1_4' title="bbox 831 2045 1085 2062">
    <p class='ocr_par' dir='ltr' id='par_1_4' title="bbox 831 2045 1085 2062">
     <span class='ocr_line' id='line_1_14' title="bbox 831 2045 1085 2062; baseline 0 -2"><span class='ocrx_word' id='word_1_89' title='bbox 831 2045 1085 2062; x_wconf 51' lang='lat' dir='ltr'><strong>m-</strong></span> 
     </span>
    </p>
   </div>
   <div class='ocr_carea' id='block_1_5' title="bbox 927 2605 1005 2674">
    <p class='ocr_par' dir='ltr' id='par_1_5' title="bbox 927 2605 1005 2674">
     <span class='ocr_line' id='line_1_15' title="bbox 927 2605 1005 2674; baseline -0.077 0"><span class='ocrx_word' id='word_1_90' title='bbox 927 2605 1005 2674; x_wconf 74' lang='lat' dir='ltr'><strong>loe.</strong></span> 
     </span>
    </p>
   </div>
   <div class='ocr_carea' id='block_1_6' title="bbox 406 2800 1521 3214">
    <p class='ocr_par' dir='ltr' id='par_1_6' title="bbox 406 2800 1517 2892">
     <span class='ocr_line' id='line_1_16' title="bbox 406 2800 1517 2892; baseline -0.001 -23"><span class='ocrx_word' id='word_1_91' title='bbox 406 2800 631 2890; x_wconf 66' lang='lat' dir='ltr'><strong>Aoeacpremi</strong></span> <span class='ocrx_word' id='word_1_92' title='bbox 653 2800 808 2886; x_wconf 65' lang='lat' dir='ltr'><strong>caprulas</strong></span> <span class='ocrx_word' id='word_1_93' title='bbox 831 2801 1030 2892; x_wconf 75' lang='lat' dir='ltr'><strong>bizonyadyot</strong></span> <span class='ocrx_word' id='word_1_94' title='bbox 1053 2812 1115 2868; x_wconf 76' lang='lat' dir='ltr'><strong>leoz</strong></span> <span class='ocrx_word' id='word_1_95' title='bbox 1140 2803 1244 2886; x_wconf 74' lang='lat' dir='ltr'><strong>arrol,</strong></span> <span class='ocrx_word' id='word_1_96' title='bbox 1276 2801 1354 2891; x_wconf 74' lang='lat' dir='ltr'><strong>hopy</strong></span> <span class='ocrx_word' id='word_1_97' title='bbox 1384 2802 1517 2887; x_wconf 67' lang='lat' dir='ltr'><strong>Fartus,</strong></span> 
     </span>
    </p>

    <p class='ocr_par' dir='ltr' id='par_1_7' title="bbox 407 2908 1520 2998">
     <span class='ocr_line' id='line_1_17' title="bbox 407 2908 1520 2998; baseline -0.001 -20"><span class='ocrx_word' id='word_1_98' title='bbox 407 2911 565 2978; x_wconf 77' lang='lat' dir='ltr'><strong>Deramc’ca</strong></span> <span class='ocrx_word' id='word_1_99' title='bbox 575 2909 636 2996; x_wconf 80' lang='lat' dir='ltr'><strong>fio,</strong></span> <span class='ocrx_word' id='word_1_100' title='bbox 653 2909 728 2974; x_wconf 71' lang='lat' dir='ltr'><strong>oros</strong></span> <span class='ocrx_word' id='word_1_101' title='bbox 753 2909 927 2977; x_wconf 76' lang='lat' dir='ltr'><strong>hirtokdbdl</strong></span> <span class='ocrx_word' id='word_1_102' title='bbox 941 2911 993 2976; x_wconf 68' lang='lat' dir='ltr'><strong>loct</strong></span> <span class='ocrx_word' id='word_1_103' title='bbox 1019 2909 1128 2998; x_wconf 73' lang='lat' dir='ltr'><strong>ekeoyi</strong></span> <span class='ocrx_word' id='word_1_104' title='bbox 1146 2908 1254 2995; x_wconf 76' lang='lat' dir='ltr'><strong>fh&#39;ldet</strong></span> <span class='ocrx_word' id='word_1_105' title='bbox 1278 2931 1300 2974; x_wconf 84' lang='lat' dir='ltr'><strong>a</strong></span> <span class='ocrx_word' id='word_1_106' title='bbox 1323 2911 1432 2998; x_wconf 82' lang='lat' dir='ltr'><strong>Rioyo</strong></span> <span class='ocrx_word' id='word_1_107' title='bbox 1456 2913 1520 2978; x_wconf 81' lang='lat' dir='ltr'><strong>ciza</strong></span> 
     </span>
    </p>

    <p class='ocr_par' dir='ltr' id='par_1_8' title="bbox 406 3015 1521 3214">
     <span class='ocr_line' id='line_1_18' title="bbox 406 3015 1521 3106; baseline 0.002 -23"><span class='ocrx_word' id='word_1_108' title='bbox 406 3017 521 3087; x_wconf 62' lang='lat' dir='ltr'><strong>mellea</strong></span> <span class='ocrx_word' id='word_1_109' title='bbox 538 3015 685 3106; x_wconf 75' lang='lat' dir='ltr'><strong>(domopy</strong></span> <span class='ocrx_word' id='word_1_110' title='bbox 698 3015 874 3105; x_wconf 62' lang='lat' dir='ltr'><strong>mayolo)</strong></span> <span class='ocrx_word' id='word_1_111' title='bbox 891 3015 1123 3105; x_wconf 73' lang='lat' dir='ltr'><strong>Riopomcllelri</strong></span> <span class='ocrx_word' id='word_1_112' title='bbox 1147 3015 1334 3106; x_wconf 74' lang='lat' dir='ltr'><strong>Gyorpyuok</strong></span> <span class='ocrx_word' id='word_1_113' title='bbox 1358 3021 1389 3084; x_wconf 72' lang='lat' dir='ltr'><strong>es</strong></span> <span class='ocrx_word' id='word_1_114' title='bbox 1412 3019 1521 3085; x_wconf 68' lang='lat' dir='ltr'><strong>tatol-</strong></span> 
     </span>
     <span class='ocr_line' id='line_1_19' title="bbox 488 3125 1440 3214; baseline 0 -20"><span class='ocrx_word' id='word_1_115' title='bbox 488 3126 595 3194; x_wconf 80' lang='lat' dir='ltr'><strong>reioclc</strong></span> <span class='ocrx_word' id='word_1_116' title='bbox 609 3125 716 3214; x_wconf 72' lang='lat' dir='ltr'><strong>oyolec</strong></span> <span class='ocrx_word' id='word_1_117' title='bbox 730 3126 891 3192; x_wconf 66' lang='lat' dir='ltr'><strong>markoet</strong></span> <span class='ocrx_word' id='word_1_118' title='bbox 905 3125 1015 3192; x_wconf 69' lang='lat' dir='ltr'><strong>o&#39;ro&#39;kw</strong></span> <span class='ocrx_word' id='word_1_119' title='bbox 1030 3125 1158 3192; x_wconf 74' lang='lat' dir='ltr'><strong>elodott.</strong></span> <span class='ocrx_word' id='word_1_120' title='bbox 1183 3125 1257 3192; x_wconf 83' lang='lat' dir='ltr'><strong>Kelt</strong></span> <span class='ocrx_word' id='word_1_121' title='bbox 1272 3127 1358 3192; x_wconf 81' lang='lat'><em>1271</em></span> <span class='ocrx_word' id='word_1_122' title='bbox 1362 3127 1440 3194; x_wconf 75' lang='lat' dir='ltr'><strong>-bcrc</strong></span> 
     </span>
    </p>
   </div>
   <div class='ocr_carea' id='block_1_7' title="bbox 407 3319 1526 4720">
    <p class='ocr_par' dir='ltr' id='par_1_9' title="bbox 407 3319 1526 4720">
     <span class='ocr_line' id='line_1_20' title="bbox 513 3319 1522 3416; baseline 0.001 -24"><span class='ocrx_word' id='word_1_123' title='bbox 513 3321 728 3416; x_wconf 71' lang='lat' dir='ltr'><strong>(illapilulum</strong></span> <span class='ocrx_word' id='word_1_124' title='bbox 751 3319 1017 3412; x_wconf 75' lang='lat' dir='ltr'><strong>wesprimiensis</strong></span> <span class='ocrx_word' id='word_1_125' title='bbox 1042 3322 1193 3391; x_wconf 79' lang='lat' dir='ltr'><strong>Ecclesie</strong></span> <span class='ocrx_word' id='word_1_126' title='bbox 1215 3323 1365 3392; x_wconf 90' lang='lat' dir='ltr'><strong>omnibus</strong></span> <span class='ocrx_word' id='word_1_127' title='bbox 1390 3343 1522 3412; x_wconf 86' lang='lat' dir='ltr'><strong>presen-</strong></span> 
     </span>
     <span class='ocr_line' id='line_1_21' title="bbox 407 3431 1524 3522; baseline -0.004 -15"><span class='ocrx_word' id='word_1_128' title='bbox 407 3443 459 3507; x_wconf 87' lang='lat' dir='ltr'><strong>tes</strong></span> <span class='ocrx_word' id='word_1_129' title='bbox 472 3433 601 3506; x_wconf 86' lang='lat' dir='ltr'><strong>litteras</strong></span> <span class='ocrx_word' id='word_1_130' title='bbox 616 3432 821 3522; x_wconf 83' lang='lat' dir='ltr'><strong>inspecturis,</strong></span> <span class='ocrx_word' id='word_1_131' title='bbox 835 3433 977 3502; x_wconf 76' lang='lat' dir='ltr'><strong>salntem</strong></span> <span class='ocrx_word' id='word_1_132' title='bbox 991 3433 1025 3499; x_wconf 91' lang='lat' dir='ltr'><strong>in</strong></span> <span class='ocrx_word' id='word_1_133' title='bbox 1041 3431 1183 3501; x_wconf 92' lang='lat' dir='ltr'><strong>Domino</strong></span> <span class='ocrx_word' id='word_1_134' title='bbox 1204 3433 1445 3520; x_wconf 79' lang='lat' dir='ltr'><strong>sempiternam.</strong></span> <span class='ocrx_word' id='word_1_135' title='bbox 1471 3433 1524 3502; x_wconf 83' lang='lat' dir='ltr'><strong>Ad</strong></span> 
     </span>
     <span class='ocr_line' id='line_1_22' title="bbox 408 3541 1522 3630; baseline -0.004 -15"><span class='ocrx_word' id='word_1_136' title='bbox 408 3547 631 3616; x_wconf 87' lang='lat' dir='ltr'><strong>uniuersorum</strong></span> <span class='ocrx_word' id='word_1_137' title='bbox 645 3543 799 3611; x_wconf 78' lang='lat' dir='ltr'><strong>noticiam</strong></span> <span class='ocrx_word' id='word_1_138' title='bbox 814 3549 927 3612; x_wconf 85' lang='lat' dir='ltr'><strong>tenore</strong></span> <span class='ocrx_word' id='word_1_139' title='bbox 946 3541 1150 3630; x_wconf 88' lang='lat' dir='ltr'><strong>presencium</strong></span> <span class='ocrx_word' id='word_1_140' title='bbox 1174 3542 1325 3611; x_wconf 84' lang='lat' dir='ltr'><strong>volumus</strong></span> <span class='ocrx_word' id='word_1_141' title='bbox 1339 3545 1522 3628; x_wconf 87' lang='lat' dir='ltr'><strong>peruenire,</strong></span> 
     </span>
     <span class='ocr_line' id='line_1_23' title="bbox 408 3648 1519 3742; baseline -0.004 -18"><span class='ocrx_word' id='word_1_142' title='bbox 408 3655 496 3742; x_wconf 86' lang='lat' dir='ltr'><strong>quod</strong></span> <span class='ocrx_word' id='word_1_143' title='bbox 504 3653 678 3723; x_wconf 73' lang='lat' dir='ltr'><strong>l&#39;arcesius</strong></span> <span class='ocrx_word' id='word_1_144' title='bbox 688 3651 774 3721; x_wconf 86' lang='lat' dir='ltr'><strong>filius</strong></span> <span class='ocrx_word' id='word_1_145' title='bbox 784 3649 959 3740; x_wconf 81' lang='lat' dir='ltr'><strong>Doumych,</strong></span> <span class='ocrx_word' id='word_1_146' title='bbox 970 3651 1055 3720; x_wconf 87' lang='lat' dir='ltr'><strong>sicut</strong></span> <span class='ocrx_word' id='word_1_147' title='bbox 1063 3650 1151 3718; x_wconf 89' lang='lat' dir='ltr'><strong>idem</strong></span> <span class='ocrx_word' id='word_1_148' title='bbox 1159 3648 1251 3734; x_wconf 88' lang='lat' dir='ltr'><strong>dixit,</strong></span> <span class='ocrx_word' id='word_1_149' title='bbox 1268 3651 1313 3717; x_wconf 89' lang='lat' dir='ltr'><strong>ab</strong></span> <span class='ocrx_word' id='word_1_150' title='bbox 1329 3671 1397 3719; x_wconf 89' lang='lat' dir='ltr'><strong>unu</strong></span> <span class='ocrx_word' id='word_1_151' title='bbox 1411 3659 1519 3738; x_wconf 89' lang='lat' dir='ltr'><strong>parte,</strong></span> 
     </span>
     <span class='ocr_line' id='line_1_24' title="bbox 409 3757 1523 3848; baseline -0.004 -15"><span class='ocrx_word' id='word_1_152' title='bbox 409 3772 443 3833; x_wconf 87' lang='lat' dir='ltr'><strong>et</strong></span> <span class='ocrx_word' id='word_1_153' title='bbox 455 3763 538 3833; x_wconf 81' lang='lat' dir='ltr'><strong>Jnrk</strong></span> <span class='ocrx_word' id='word_1_154' title='bbox 551 3761 639 3830; x_wconf 88' lang='lat' dir='ltr'><strong>lilius</strong></span> <span class='ocrx_word' id='word_1_155' title='bbox 653 3759 825 3846; x_wconf 84' lang='lat' dir='ltr'><strong>Pangrscij</strong></span> <span class='ocrx_word' id='word_1_156' title='bbox 843 3760 887 3828; x_wconf 92' lang='lat' dir='ltr'><strong>de</strong></span> <span class='ocrx_word' id='word_1_157' title='bbox 897 3760 995 3845; x_wconf 84' lang='lat' dir='ltr'><strong>juxto</strong></span> <span class='ocrx_word' id='word_1_158' title='bbox 1010 3757 1151 3848; x_wconf 81' lang='lat' dir='ltr'><strong>Reynua</strong></span> <span class='ocrx_word' id='word_1_159' title='bbox 1166 3759 1209 3828; x_wconf 87' lang='lat' dir='ltr'><strong>ab</strong></span> <span class='ocrx_word' id='word_1_160' title='bbox 1228 3759 1335 3829; x_wconf 87' lang='lat' dir='ltr'><strong>altera</strong></span> <span class='ocrx_word' id='word_1_161' title='bbox 1350 3767 1446 3847; x_wconf 87' lang='lat' dir='ltr'><strong>purte</strong></span> <span class='ocrx_word' id='word_1_162' title='bbox 1471 3781 1523 3828; x_wconf 95' lang='lat' dir='ltr'><strong>co·</strong></span> 
     </span>
     <span class='ocr_line' id='line_1_25' title="bbox 408 3867 1525 3956; baseline -0.004 -15"><span class='ocrx_word' id='word_1_163' title='bbox 408 3891 480 3941; x_wconf 84' lang='lat' dir='ltr'><strong>rnm</strong></span> <span class='ocrx_word' id='word_1_164' title='bbox 493 3871 589 3940; x_wconf 85' lang='lat' dir='ltr'><strong>nobis</strong></span> <span class='ocrx_word' id='word_1_165' title='bbox 603 3869 769 3937; x_wconf 83' lang='lat' dir='ltr'><strong>constituti</strong></span> <span class='ocrx_word' id='word_1_166' title='bbox 783 3869 998 3956; x_wconf 85' lang='lat' dir='ltr'><strong>personaliter</strong></span> <span class='ocrx_word' id='word_1_167' title='bbox 1021 3869 1213 3954; x_wconf 86' lang='lat' dir='ltr'><strong>retulerunt,</strong></span> <span class='ocrx_word' id='word_1_168' title='bbox 1239 3867 1326 3952; x_wconf 87' lang='lat' dir='ltr'><strong>quod</strong></span> <span class='ocrx_word' id='word_1_169' title='bbox 1352 3867 1525 3954; x_wconf 89' lang='lat' dir='ltr'><strong>predictus</strong></span> 
     </span>
     <span class='ocr_line' id='line_1_26' title="bbox 409 3975 1525 4066; baseline -0.003 -17"><span class='ocrx_word' id='word_1_170' title='bbox 409 3979 584 4049; x_wconf 81' lang='lat' dir='ltr'><strong>Forccsius</strong></span> <span class='ocrx_word' id='word_1_171' title='bbox 600 3997 642 4045; x_wconf 88' lang='lat' dir='ltr'><strong>ex</strong></span> <span class='ocrx_word' id='word_1_172' title='bbox 655 3977 870 4066; x_wconf 90' lang='lat' dir='ltr'><strong>permissione</strong></span> <span class='ocrx_word' id='word_1_173' title='bbox 884 3975 1023 4044; x_wconf 85' lang='lat' dir='ltr'><strong>filiorum</strong></span> <span class='ocrx_word' id='word_1_174' title='bbox 1038 3995 1169 4045; x_wconf 89' lang='lat' dir='ltr'><strong>suorum</strong></span> <span class='ocrx_word' id='word_1_175' title='bbox 1184 3978 1226 4045; x_wconf 89' lang='lat' dir='ltr'><strong>de</strong></span> <span class='ocrx_word' id='word_1_176' title='bbox 1241 3977 1452 4063; x_wconf 88' lang='lat' dir='ltr'><strong>possessione</strong></span> <span class='ocrx_word' id='word_1_177' title='bbox 1463 3999 1525 4046; x_wconf 89' lang='lat' dir='ltr'><strong>sua</strong></span> 
     </span>
     <span class='ocr_line' id='line_1_27' title="bbox 409 4085 1526 4175; baseline -0.002 -19"><span class='ocrx_word' id='word_1_178' title='bbox 409 4085 618 4172; x_wconf 75' lang='lat' dir='ltr'><strong>hereditaria,</strong></span> <span class='ocrx_word' id='word_1_179' title='bbox 641 4093 762 4154; x_wconf 86' lang='lat' dir='ltr'><strong>terrem</strong></span> <span class='ocrx_word' id='word_1_180' title='bbox 782 4085 975 4169; x_wconf 72' lang='lat' dir='ltr'><strong>quantitatis</strong></span> <span class='ocrx_word' id='word_1_181' title='bbox 991 4087 1124 4154; x_wconf 89' lang='lat' dir='ltr'><strong>duorum</strong></span> <span class='ocrx_word' id='word_1_182' title='bbox 1140 4091 1319 4154; x_wconf 87' lang='lat' dir='ltr'><strong>aratrorum</strong></span> <span class='ocrx_word' id='word_1_183' title='bbox 1334 4085 1380 4154; x_wconf 83' lang='lat' dir='ltr'><strong>sd</strong></span> <span class='ocrx_word' id='word_1_184' title='bbox 1394 4093 1526 4175; x_wconf 88' lang='lat' dir='ltr'><strong>partem</strong></span> 
     </span>
     <span class='ocr_line' id='line_1_28' title="bbox 410 4193 1525 4282; baseline -0.002 -18"><span class='ocrx_word' id='word_1_185' title='bbox 410 4193 652 4264; x_wconf 86' lang='lat' dir='ltr'><strong>meridionalem</strong></span> <span class='ocrx_word' id='word_1_186' title='bbox 682 4193 778 4262; x_wconf 92' lang='lat' dir='ltr'><strong>metis</strong></span> <span class='ocrx_word' id='word_1_187' title='bbox 808 4202 842 4261; x_wconf 88' lang='lat' dir='ltr'><strong>et</strong></span> <span class='ocrx_word' id='word_1_188' title='bbox 865 4193 1012 4263; x_wconf 88' lang='lat' dir='ltr'><strong>terminis</strong></span> <span class='ocrx_word' id='word_1_189' title='bbox 1038 4202 1248 4282; x_wconf 79' lang='lat' dir='ltr'><strong>separatam,</strong></span> <span class='ocrx_word' id='word_1_190' title='bbox 1275 4194 1404 4282; x_wconf 86' lang='lat' dir='ltr'><strong>prefato</strong></span> <span class='ocrx_word' id='word_1_191' title='bbox 1429 4195 1525 4280; x_wconf 84' lang='lat' dir='ltr'><strong>Jurlr,</strong></span> 
     </span>
     <span class='ocr_line' id='line_1_29' title="bbox 410 4301 1523 4388; baseline -0.003 -14"><span class='ocrx_word' id='word_1_192' title='bbox 410 4304 562 4382; x_wconf 83' lang='lat' dir='ltr'><strong>Schente,</strong></span> <span class='ocrx_word' id='word_1_193' title='bbox 578 4301 735 4388; x_wconf 80' lang='lat' dir='ltr'><strong>Gregorio</strong></span> <span class='ocrx_word' id='word_1_194' title='bbox 751 4306 784 4371; x_wconf 91' lang='lat' dir='ltr'><strong>et</strong></span> <span class='ocrx_word' id='word_1_195' title='bbox 797 4301 936 4370; x_wconf 84' lang='lat' dir='ltr'><strong>Nicolno</strong></span> <span class='ocrx_word' id='word_1_196' title='bbox 952 4301 1108 4372; x_wconf 86' lang='lat' dir='ltr'><strong>frutribus</strong></span> <span class='ocrx_word' id='word_1_197' title='bbox 1125 4303 1194 4371; x_wconf 89' lang='lat' dir='ltr'><strong>eius</strong></span> <span class='ocrx_word' id='word_1_198' title='bbox 1211 4308 1285 4372; x_wconf 86' lang='lat' dir='ltr'><strong>octo</strong></span> <span class='ocrx_word' id='word_1_199' title='bbox 1299 4303 1420 4370; x_wconf 84' lang='lat' dir='ltr'><strong>marcis</strong></span> <span class='ocrx_word' id='word_1_200' title='bbox 1435 4323 1523 4371; x_wconf 75' lang='lat' dir='ltr'><strong>rece</strong></span> 
     </span>
     <span class='ocr_line' id='line_1_30' title="bbox 409 4411 1524 4500; baseline 0.002 -21"><span class='ocrx_word' id='word_1_201' title='bbox 409 4411 475 4499; x_wconf 88' lang='lat' dir='ltr'><strong>ptis</strong></span> <span class='ocrx_word' id='word_1_202' title='bbox 489 4412 637 4498; x_wconf 90' lang='lat' dir='ltr'><strong>plenuric</strong></span> <span class='ocrx_word' id='word_1_203' title='bbox 652 4414 694 4480; x_wconf 84' lang='lat' dir='ltr'><strong>ab</strong></span> <span class='ocrx_word' id='word_1_204' title='bbox 711 4411 846 4491; x_wconf 77' lang='lat' dir='ltr'><strong>eisdem</strong></span> <span class='ocrx_word' id='word_1_205' title='bbox 862 4411 1008 4480; x_wconf 84' lang='lat' dir='ltr'><strong>uendidit</strong></span> <span class='ocrx_word' id='word_1_206' title='bbox 1034 4419 1068 4480; x_wconf 84' lang='lat' dir='ltr'><strong>et</strong></span> <span class='ocrx_word' id='word_1_207' title='bbox 1092 4413 1279 4499; x_wconf 83' lang='lat' dir='ltr'><strong>assignuuit</strong></span> <span class='ocrx_word' id='word_1_208' title='bbox 1302 4420 1464 4500; x_wconf 88' lang='lat' dir='ltr'><strong>perpetuo</strong></span> <span class='ocrx_word' id='word_1_209' title='bbox 1491 4420 1524 4481; x_wconf 91' lang='lat' dir='ltr'><strong>et</strong></span> 
     </span>
     <span class='ocr_line' id='line_1_31' title="bbox 410 4517 1522 4608; baseline 0.001 -21"><span class='ocrx_word' id='word_1_210' title='bbox 410 4517 547 4608; x_wconf 84' lang='lat' dir='ltr'><strong>pacifice</strong></span> <span class='ocrx_word' id='word_1_211' title='bbox 571 4520 812 4608; x_wconf 80' lang='lat' dir='ltr'><strong>possidendam.</strong></span> <span class='ocrx_word' id='word_1_212' title='bbox 843 4522 942 4592; x_wconf 80' lang='lat' dir='ltr'><strong>ouius</strong></span> <span class='ocrx_word' id='word_1_213' title='bbox 966 4521 1099 4607; x_wconf 87' lang='lat' dir='ltr'><strong>quidem</strong></span> <span class='ocrx_word' id='word_1_214' title='bbox 1123 4530 1209 4590; x_wconf 88' lang='lat' dir='ltr'><strong>terre</strong></span> <span class='ocrx_word' id='word_1_215' title='bbox 1233 4529 1321 4590; x_wconf 87' lang='lat' dir='ltr'><strong>mete</strong></span> <span class='ocrx_word' id='word_1_216' title='bbox 1345 4523 1407 4590; x_wconf 89' lang='lat' dir='ltr'><strong>hec</strong></span> <span class='ocrx_word' id='word_1_217' title='bbox 1439 4527 1522 4593; x_wconf 79' lang='lat' dir='ltr'><strong>sunt</strong></span> 
     </span>
     <span class='ocr_line' id='line_1_32' title="bbox 410 4625 1523 4720; baseline 0.001 -21"><span class='ocrx_word' id='word_1_218' title='bbox 410 4625 520 4699; x_wconf 85' lang='lat' dir='ltr'><strong>Prima</strong></span> <span class='ocrx_word' id='word_1_219' title='bbox 533 4627 687 4699; x_wconf 87' lang='lat' dir='ltr'><strong>uidelicet</strong></span> <span class='ocrx_word' id='word_1_220' title='bbox 701 4635 788 4698; x_wconf 82' lang='lat' dir='ltr'><strong>mele</strong></span> <span class='ocrx_word' id='word_1_221' title='bbox 802 4635 852 4698; x_wconf 88' lang='lat' dir='ltr'><strong>est</strong></span> <span class='ocrx_word' id='word_1_222' title='bbox 869 4628 1055 4716; x_wconf 90' lang='lat' dir='ltr'><strong>incipiendo</strong></span> <span class='ocrx_word' id='word_1_223' title='bbox 1070 4649 1093 4700; x_wconf 85' lang='lat' dir='ltr'><strong>a</strong></span> <span class='ocrx_word' id='word_1_224' title='bbox 1106 4627 1207 4700; x_wconf 91' lang='lat' dir='ltr'><strong>fluuio</strong></span> <span class='ocrx_word' id='word_1_225' title='bbox 1230 4633 1407 4719; x_wconf 80' lang='lat' dir='ltr'><strong>Rcynusa</strong></span> <span class='ocrx_word' id='word_1_226' title='bbox 1430 4635 1523 4720; x_wconf 85' lang='lat' dir='ltr'><strong>parte</strong></span> 
     </span>
    </p>
   </div>
   <div class='ocr_carea' id='block_1_8' title="bbox 0 0 1634 5274">
    <p class='ocr_par' dir='ltr' id='par_1_10' title="bbox 0 0 1634 5274">
     <span class='ocr_line' id='line_1_33' title="bbox 0 0 1634 5274; baseline 0 0"><span class='ocrx_word' id='word_1_227' title='bbox 0 0 1634 5274; x_wconf 95' lang='lat' dir='ltr'><strong> </strong></span> 
     </span>
    </p>
   </div>
  </div>
 </body>
</html>
