3250 5268
923 310 968 381 96

385 507 418 572 in
435 505 496 574 boo
512 523 603 601 oasup
618 513 651 574 et
667 505 753 590 quod
769 506 870 576 etism
895 514 964 578 tem
991 507 1046 594 pie
1073 509 1106 575 et
1128 505 1266 574 honeste
1292 522 1392 574 esuse
1418 503 1514 571 adid

386 615 508 699 Regem
523 612 718 684 induxerunt
733 615 884 700 eundem,
901 617 1122 692 donationem,
1137 614 1384 682 eoncessionem
1400 617 1512 680 ettra

386 717 723 809 ditionem,'stutntum
733 730 766 794 ot
776 725 1013 794 ordinationem
1021 723 1215 810 predictam,
1231 722 1316 790 siout
1331 721 1416 790 alias
1432 741 1515 808 pro-

387 827 463 896 vide
479 827 569 897 foeta
585 838 671 916 sunt,
691 839 767 900 rata
791 839 826 898 et
849 831 943 900 firma
968 833 1143 917 babentes,
1159 851 1201 898 ea
1216 851 1283 898 uon
1303 829 1515 899 obstantibus

386 936 673 1006 constitutionibus
697 939 779 1026 ipsis
808 941 1003 1013 anctoritate
1023 938 1214 1026 Apostoliea
1231 938 1382 1008 duximus
1398 935 1517 1006 oonfir-

386 1045 517 1114 manda.
549 1046 710 1126 Quocirca
725 1048 932 1136 mandamus,
950 1057 1111 1134 quatenus
1127 1047 1251 1114 dietam
1266 1047 1428 1132 Reginam
1445 1065 1516 1112 non

385 1153 556 1240 permittas
573 1175 673 1243 super
687 1157 858 1244 premissis
883 1165 999 1230 eontra
1014 1157 1109 1224 buius
1126 1154 1382 1226 confirmationis
1398 1158 1516 1222 nostre

320 1247 324 1258 ’
388 1269 535 1362 tenorem
550 1264 593 1332 ab
608 1265 775 1349 aliquibus
801 1263 946 1334 indebite
961 1265 1139 1348 molestari,
1156 1266 1384 1334 molestatores
1401 1259 1516 1356 bpius·

387 1369 474 1436 modi
490 1377 551 1438 ete.
578 1372 828 1458 compescendo.
859 1372 933 1442 Non
958 1373 1123 1457 obstante,
1148 1373 1180 1480 si
1204 1373 1371 1458 aliquibus
1388 1391 1410 1436 a
1425 1367 1517 1450 Sede

387 1477 581 1563 Apostolioa
604 1480 649 1548 sit
673 1481 844 1565 indultum,
870 1482 959 1566 quod
974 1481 1133 1566 suspendi
1148 1481 1201 1548 vel
1218 1479 1367 1550 interdici
1384 1486 1442 1547 aut
1459 1497 1517 1545 ex.

260 1647 266 1658 .
388 1589 619 1656 communicari
635 1609 700 1656 nou
716 1590 844 1674 possint
858 1610 917 1676 per
932 1589 1036 1676 ipsius
1052 1590 1143 1658 sedis
1159 1590 1289 1658 littores
1305 1608 1371 1656 uon
1387 1586 1514 1654 sarien-

388 1701 438 1762 tes
455 1697 587 1782 plenam
613 1703 646 1763 et
662 1715 855 1783 expressam
880 1699 924 1766 de
951 1697 1077 1767 indulto
1094 1695 1278 1776 huiusmodi
1294 1697 1515 1776 mentionem

387 1803 458 1872 sive
473 1804 587 1888 aliqua
611 1805 714 1890 ipsius
740 1805 836 1874 Sedis
863 1806 1077 1892 indulgentia,
1103 1825 1162 1892 per
1187 1823 1287 1888 quem
1306 1802 1465 1869 attrlbnta
1480 1799 1515 1864 iu

386 1909 451 1978 bae
466 1925 562 1997 parte
576 1910 637 1980 tibi
661 1912 846 1982 iurisdictio
871 1912 1024 2000 impediri
1048 1915 1161 1982 ualest
1186 1917 1246 1978 aut
1270 1909 1407 1986 differri,
1422 1913 1457 1974 et
1472 1906 1517 1972 de

388 2019 502 2102 quain
518 2021 637 2087 nostris
662 2019 780 2088 litteris
807 2019 877 2090 lieri
902 2021 1025 2090 debeat
1054 2020 1177 2088 mentio
1193 2017 1360 2106 speoialis.
1391 2018 1519 2084 Datum

387 2126 477 2214 apud
491 2125 614 2198 Urbem
630 2133 785 2200 Veterem
803 2131 917 2200 idibus
932 2131 1027 2202 lulli.
1042 2126 1272 2218 (Pontificatus
1288 2126 1408 2214 nostri)
1426 2145 1519 2204 anno

388 2235 494 2304 tertio.

495 2411 556 2485 (IV.
571 2413 671 2474 Orbtn
683 2415 760 2490 pdpa
772 2413 972 2489 Regestdibdb
983 2415 1110 2473 Theinsr
1123 2412 1161 2470 id.
1180 2431 1215 2470 nr.
1229 2413 1251 2468 l.
1264 2413 1293 2468 lr.
1305 2413 1368 2471 271.
1380 2410 1415 2482 l.)

820 2719 928 2726 ——--
960 2719 966 2724 .
978 2717 1064 2724 .--...—

895 3151 985 3236 a

389 3349 412 3414 Ι
415 3347 451 3415 V.
468 3347 577 3416 Orbdrr
597 3351 687 3437 pdpu
714 3345 797 3412 neta
821 3347 998 3413 mlaoom'ui
1021 3348 1147 3435 berezep
1170 3351 1315 3414 smmum
1339 3350 1522 3436 meyer-libito·

299 3546 306 3564 Ι
388 3456 411 3522 Ι
414 3455 450 3524 V.
467 3457 550 3524 Belo
564 3455 739 3544 kirtlyrruk
763 3479 803 3522 uz
828 3459 939 3543 oresdp
963 3455 1031 3521 tote
1045 3457 1236 3542 matra
1251 3457 1428 3524 oorrotkozd
1439 3459 1519 3523 ude·

815 3568 955 3652 mdnydt.
981 3565 1079 3630 1264.

494 3761 647 3832 Urbanus
672 3761 854 3849 Episoopus
879 3768 941 3834 eto.
969 3763 1088 3834 dileoto
1114 3761 1182 3834 tilio
1198 3762 1300 3832 nobili
1317 3764 1388 3832 viro
1402 3761 1517 3852 B(ele)

388 3867 473 3937 Duoi
488 3870 664 3940 Solaronie
680 3871 823 3941 salutem
838 3878 902 3942 eto.
918 3873 982 3942 Pro
995 3870 1076 3940 lidei
1090 3871 1227 3956 meritis,
1243 3893 1307 3958 que
1322 3891 1383 3959 per
1393 3871 1518 3942 Christi

388 3977 530 4062 gratiam
546 3979 681 4048 rutilare
697 3979 934 4066 comprobaris,
949 3987 982 4048 te
994 3979 1140 4049 libenter
1155 3979 1297 4066 speoiali
1310 3979 1424 4049 lavore
1440 4000 1517 4067 pro-

389 4083 564 4170 sequimur,
579 4092 613 4155 et
628 4105 691 4172 que
706 4086 767 4158 tibi
781 4088 1034 4174 prosperitatem
1049 4088 1207 4175 adiciant,
1232 4087 1414 4158 liberaliter
1428 4089 1517 4157 elar-

388 4194 514 4282 gimur3
544 4193 639 4265 lirma
673 4195 869 4266 eredulitate
898 4201 1067 4283 tenentes,
1098 4195 1188 4281 quod
1218 4201 1343 4282 quanto
1375 4197 1517 4282 gratiam

389 4303 601 4390 grandiorum
625 4305 670 4376 sb
694 4303 988 4390 apostolicasque
1012 4294 1211 4392 perueperis,
1231 4311 1325 4378 tanto
1341 4304 1374 4374 oi
1389 4303 1518 4375 ferren-

393 4411 471 4482 tiori
487 4412 598 4482 studio
621 4417 655 4482 te
680 4418 843 4500 oportuno
860 4419 1009 4500 tempore
1024 4413 1177 4485 studebis
1193 4412 1348 4483 deuotum
1363 4427 1423 4500 per
1438 4411 1517 4484 effe-

390 4525 476 4586 etum
491 4521 600 4606 operis
615 4522 780 4592 exhibere.
812 4525 901 4593 Sane
926 4523 1041 4608 petitio
1061 4531 1120 4592 tna
1134 4521 1232 4593 nobis
1248 4521 1398 4591 exhibita
1413 4523 1519 4592 eonti-

389 4627 501 4709 nebat,
518 4629 608 4712 quod
624 4629 814 4699 carissimus
825 4632 857 4698 in
869 4629 1001 4702 Obristo
1017 4631 1105 4703 lilius
1121 4637 1233 4701 noster
1246 4628 1358 4718 Btela)
1370 4629 1519 4719 Ungoris
