3250 5268
608 381 768 484 ‚Q

1 554 3 632 ῗ
116 579 150 644 In
166 575 260 644 cuins
277 579 327 643 rei
343 577 564 644 testimoninm
582 597 720 664 presens
736 561 901 664 publicum
917 581 1166 651 instrumentum
1183 605 1243 670 per

114 681 355 752 Thomasinnm
374 683 618 772 intrascriptnm
635 689 798 756 notarium
809 695 955 757 nostrum
973 689 1073 758 scribi
1089 699 1122 758 ct
1138 692 1243 776 publi·

1 843 2 846 η
115 793 183 857 cari
201 791 448 877 mandavimus,
464 799 497 859 et
513 795 616 861 nostri
632 794 737 880 sigilli
753 797 959 882 appensione
975 797 1104 864 muniri.
1121 799 1164 866 Et
1180 815 1243 880 ego

114 899 155 966 de
171 899 279 967 Pedio
295 901 490 968 anctoritate
512 901 700 988 Apostolice
717 903 814 971 Sedis
834 902 855 970 J
858 904 944 972 ndcx
962 913 994 971 et
1010 907 1170 974 Notarius
1182 924 1242 992 pn·

1 1022 2 1103 ζ
113 1005 229 1090 blicns,
248 1006 304 1089 qni
320 1007 477 1093 predictis
494 1007 636 1092 interlui,
648 1009 856 1078 demandato
868 1011 1006 1097 predicti
1026 1011 1149 1079 domini
1165 1012 1243 1080 Oar-

1 1115 2 1126 ’
119 1111 245 1182 dinolis
262 1114 413 1202 predicta
429 1116 548 1202 scripsi
564 1123 599 1184 ct
613 1117 786 1201 publicari,
804 1125 838 1185 et
852 1119 948 1210 signo
964 1139 1036 1186 meo
1052 1121 1192 1206 signavi.
1215 1159 1217 1164 ·

147 1307 213 1381 (tv.
228 1307 331 1366 Orbdn
343 1309 423 1384 pdps
435 1310 610 1384 megerdsltd
623 1312 827 1388 okminyibdl
840 1315 914 1372 mint
925 1313 1035 1372 tenebb
1048 1314 1092 1370 tl.
1104 1331 1145 1369 ss.
1160 1314 1200 1386 ι)

1 2295 2 2322 ³
111 2313 251 2398 Appon·
267 2309 424 2397 tcpsatan
438 2290 703 2402 bizooyscipleoeie
713 2366 723 2401 ,
750 2315 830 2403 hopy
847 2313 905 2382 out
919 2317 1112 2403 nemdsdplt
1137 2315 1242 2384 Jcnos

1 2511 2 2520 ἵ
111 2443 132 2484 o
146 2421 279 2507 pejeret
295 2419 465 2485 Recurrat
482 2424 567 2507 jero
581 2423 684 2488 lictor
700 2420 831 2510 sciebas
847 2423 957 2510 Zacpor
971 2434 1052 2490 omitt
1069 2423 1178 2508 soldos
1192 2429 1242 2489 cit-

554 2531 689 2619 cnpodte.
707 2533 806 2596 1264.

222 2725 410 2811 Capitulum
435 2727 586 2794 Ecclesie
612 2729 801 2796 lauriensis
813 2779 823 2814 ,
848 2729 1012 2797 universis
1036 2729 1242 2814 presencium

113 2833 356 2921 inspectoribus
371 2835 510 2903 salntem
527 2836 561 2902 in
576 2835 716 2904 Domino
733 2837 976 2924 sempiternam.
1000 2836 1054 2904 Ad
1073 2837 1240 2905 universo·

113 2961 182 3007 rum
207 2943 367 3008 noticiam
391 2949 504 3012 tenore
529 2944 735 3028 presencium
761 2947 910 3012 volumus
935 2945 1130 3030 pervenire,
1153 2943 1242 3027 qnod

1 3043 2 3094 ἶ
113 3049 273 3117 iohanne·
284 3048 353 3116 filio
368 3049 527 3134 Stephani
552 3051 594 3117 de
610 3051 832 3134 generacione
849 3050 908 3118 Osl
925 3070 968 3117 cx
984 3070 1051 3119 nna
1067 3057 1183 3138 parte,
1209 3059 1243 3117 ct
1283 3125 1286 3132 ,

115 3158 250 3226 domina
266 3156 377 3242 Bybor
393 3157 464 3223 filia
479 3157 697 3246 Stephanide
712 3159 821 3226 Jclrna
836 3178 938 3226 uxore
955 3159 1105 3226 eiusdem
1121 3157 1243 3268 ichen·

113 3267 163 3332 nis
179 3285 223 3331 ex
239 3263 346 3331 altera
357 3283 465 3332 coram
481 3263 578 3332 nobis
589 3268 869 3362 comparentibus,
886 3267 971 3334 idem
982 3267 1154 3335 iohannes
1170 3284 1240 3353 pre-

1 3407 2 3452 p
113 3370 182 3440 late
199 3371 333 3438 domine
348 3373 463 3457 Bybnr
488 3373 582 3438 uxori
599 3393 658 3440 sne
674 3367 735 3462 pro
752 3374 829 3441 dote
845 3381 879 3441 et
903 3377 1000 3441 rebus
1026 3372 1241 3462 psroiernali-

113 3479 175 3547 bus
192 3477 339 3546 eiusdem
351 3477 442 3544 dedit
458 3473 492 3544 et
503 3476 866 3566 assignavitqn'andam
882 3489 1002 3548 terram
1012 3501 1107 3548 snam
1123 3481 1240 3566 empti-

1 3593 4 3644 l
114 3588 200 3656 ciam
227 3587 338 3672 annr
362 3588 566 3653 nominatam
581 3587 616 3654 in
633 3589 797 3656 comitatu
823 3588 1076 3673 Snprnniensia
1101 3589 1242 3672 qnodsm

109 3695 298 3780 jobaglone
322 3701 424 3762 castrt
441 3695 674 3780 Snprnniensis
691 3697 858 3764 Hemirico
885 3697 1027 3781 nomine,
1043 3695 1129 3762 sient
1144 3693 1241 3779 dycit,

1 3813 2 3822 ’
113 3810 352 3889 comparatam.
377 3801 452 3880 Qua
468 3810 606 3886 recepta
621 3803 697 3890 ipsa
712 3803 845 3871 domina
857 3823 957 3890 snper
976 3798 1147 3889 premissis
1164 3803 1243 3871 dote

114 3919 147 3978 et
161 3912 264 3979 rebus
282 3910 350 3978 suis
367 3911 633 4000 paralernslibns
650 3933 725 3981 esse
741 3915 885 3982 assernit
900 3933 937 3982 se
954 3919 1152 4004 contentam.
1179 3911 1242 3978 Ve-

113 4043 185 4092 rum
212 4023 247 4088 in
264 4019 380 4087 eodem
404 4021 543 4089 instanti
567 4021 643 4108 ipsa
660 4021 792 4088 domino
821 4022 961 4090 eandem
986 4028 1107 4088 terram
1131 4019 1243 4103 Zupnr

112 4129 265 4197 vendidit
291 4129 409 4194 Comiti
426 4129 572 4214 Georgio
589 4129 657 4195 filio
683 4129 834 4214 Manrioij
862 4129 903 4194 de
920 4131 1069 4210 Ohcrna,
1093 4147 1153 4218 pro
1178 4143 1242 4209 qno

74 4274 77 4283 ι
113 4238 304 4326 Stephanus
331 4237 419 4305 fliius
437 4237 542 4322 Heym
561 4237 604 4304 de
619 4239 699 4307 Dor
719 4239 898 4325 comparuit
924 4256 1036 4303 coram
1052 4237 1167 4319 nobis,
1191 4254 1242 4302 re·

1 4369 2 4398 2
115 4347 220 4432 ceptis
235 4366 295 4432 pro
322 4345 438 4414 eadem
464 4342 610 4414 sedecim
626 4349 768 4433 mareis,
794 4353 953 4434 perpetuo
975 4345 1114 4434 pacifice
1137 4341 1243 4432 possi·

113 4453 269 4523 dendam.
294 4453 394 4522 Cuius
410 4454 543 4539 quidem
560 4461 645 4522 terre
662 4463 759 4538 mete,
776 4454 861 4520 sicut
872 4454 958 4519 idem
974 4453 1145 4520 iohannes
1161 4450 1243 4518 reci·

114 4565 208 4650 tavit,
230 4563 294 4631 hoc
310 4562 426 4630 ordino
442 4563 700 4650 distinguuntur.
725 4561 845 4650 Incipit
860 4560 966 4650 prima
991 4565 1116 4627 metas
1140 4561 1244 4646 plaga

114 4673 268 4746 orientali
284 4671 319 4740 in
338 4671 627 4742 commetaneitate
645 4669 865 4740 rilleGhalad
881 4673 914 4737 in
934 4667 1080 4754 quodam
1090 4665 1243 4772 virgulto,

984 4779 1029 4850 80
