3250 5268
635 329 794 436 ...9⁸-

3 545 5 550 ·
137 525 350 612 mentionem,
378 533 413 595 st
437 545 497 614 per
517 545 617 612 quum
634 485 770 596 effectus
787 525 995 597 executionis
1010 527 1196 598 huiusmodi
1211 530 1271 598 inr-

96 708 101 716 ,
136 633 247 722 pediti
264 637 387 722 sulcet,
405 637 471 706 vei·
484 637 620 724 differri,
644 645 703 706 uut
719 638 748 704 si
765 636 872 708 dictus
888 638 1053 724 presbiter
1067 637 1155 707 siics
1171 638 1271 707 benc·

136 742 268 813 iicistus
285 745 419 814 existat.
445 745 716 816 contradictores
734 753 798 816 etc.
824 747 947 816 Datum
963 747 1054 835 opud
1069 744 1193 816 Urbem
1209 745 1287 816 vsu

135 859 242 920 terem
260 852 367 922 XVII.
395 853 471 922 Eut.
488 853 672 924 Februarii.
698 855 915 926 Pontificatus
931 854 1037 927 nostri
1056 874 1146 926 cuno
1163 856 1271 926 tertio.

245 1029 309 1104 (N.
323 1028 423 1090 Orbdu
436 1030 514 1106 pdps
526 1032 726 1108 Regestiibbl,
738 1032 866 1094 Tbeiucr
879 1035 918 1095 id.
931 1052 967 1092 m.
980 1033 1004 1094 1.
1017 1035 1046 1092 k.
1060 1034 1125 1094 261.
1138 1034 1171 1107 L)

678 1933 734 1998 bii.

137 2109 160 2172 Ι
164 2107 200 2174 V.
218 2107 329 2198 Qrbric
338 2105 436 2197 popo
447 2107 559 2175 Iotcdrr
573 2111 747 2198 prenesmi
765 2109 1035 2200 cicomotpoepcb
1058 2110 1270 2203 botdqosctdt,

136 2215 220 2303 meip
236 2213 323 2280 ‹tital
332 2216 436 2282 Jdnos
450 2217 541 2303 pydrt‘
551 2219 746 2305 espereetnek
761 2241 783 2282 a
797 2218 887 2285 sciui
897 2219 1112 2305 epeesstpec
1121 2219 1184 2284 cdo
1198 2241 1272 2286 ress·

504 2323 594 2407 delto,
610 2327 905 2414 inspectiones.

250 2501 404 2572 Urbanus
428 2504 614 2593 Episcopus
641 2511 703 2575 etc.
731 2506 853 2575 dilecto
879 2505 948 2575 filio
963 2504 1085 2575 Josuni
1101 2485 1272 2576 brchidiu·

138 2629 223 2678 cono
249 2612 428 2700 Jouriensi,
453 2613 638 2701 Ospellsno
664 2621 786 2699 nostro,
812 2615 927 2701 nepoti
952 2615 1135 2685 venerabili
1159 2615 1271 2685 irstris

140 2722 248 2790 nostri
265 2771 273 2788 .
290 2772 299 2788 .
319 2771 327 2787 .
344 2721 502 2809 Episcopi
517 2725 728 2810 Prcnestrini,
757 2725 896 2794 salutem
921 2731 981 2792 etc.
1013 2725 1051 2791 In
1068 2732 1182 2794 nostru
1197 2746 1271 2811 prc-

138 2829 281 2916 posuisti
312 2831 480 2915 presentis
510 2832 716 2918 constitutus,
748 2832 835 2917 quod
863 2831 1063 2902 venersbilis
1088 2833 1191 2901 irater
1216 2854 1271 2902 uo

139 2945 191 3004 ter
207 2987 216 3004 .
233 2987 243 3004 .
262 2988 269 3002 .
286 2937 499 3006 Penestrinus
515 2939 712 3028 Episcopus,
740 2941 791 3006 cui
810 2939 1002 3008 conterendi
1016 2961 1076 3028 per
1092 2961 1129 3009 se
1144 2941 1197 3008 sei
1213 2960 1273 3026 per

139 3046 241 3113 elium
257 3052 317 3113 aut
333 3045 417 3114 alios
433 3049 585 3132 personis
611 3049 742 3116 idoneis
767 3047 928 3118 beneficis
945 3049 1184 3134 ecclesiastica,
1199 3067 1272 3134 per-

141 3161 280 3224 sonatus
296 3163 329 3220 et
343 3153 522 3242 dignitates
547 3177 622 3224 cum
646 3176 726 3224 cura
743 3163 775 3223 et
790 3158 862 3224 sine
888 3177 975 3242 curs,
992 3177 1056 3241 que
1072 3155 1272 3225 venerabilis

140 3263 243 3333 freter
258 3273 373 3335 noster
388 3264 581 3336 Timotheus
606 3265 841 3350 Zagobriensis
857 3265 1039 3354 Episcopus
1063 3273 1130 3334 tum
1147 3266 1272 3335 electus

139 3373 356 3458 promotionis
382 3394 441 3444 sue
466 3381 615 3463 tempore
642 3375 674 3441 in
699 3375 813 3460 Regino
835 3373 982 3460 Ungurie
999 3372 1179 3460 obtinebat,
1197 3389 1272 3442 con·

140 3499 348 3551 cesseramus
372 3499 433 3568 per
457 3491 587 3551 nostrus
612 3481 673 3551 sub
696 3487 789 3549 certe
814 3482 918 3550 formu
934 3483 1064 3551 litteras
1080 3482 1271 3550 fucultatem

139 3589 292 3677 liberam,
308 3589 621 3660 Archidiucouutum
637 3589 880 3676 Zuludieusem,
895 3609 1026 3658 necnon
1041 3588 1272 3657 canonicatum

141 3704 175 3765 et
189 3697 403 3784 prebendam,
420 3717 502 3782 quos
513 3699 603 3766 idem
614 3697 802 3785 Episcopus
817 3697 1033 3784 promotionis
1049 3715 1108 3766 sue
1124 3702 1272 3782 tempore

141 3804 175 3871 in
189 3807 427 3893 Vesprimiensi
443 3807 598 3876 Ecclesia
623 3805 801 3893 obtinebst,
828 3826 900 3874 cum
916 3805 1040 3874 iuribus
1056 3812 1090 3874 ct
1104 3805 1268 3892 pertinen-

141 3916 198 3985 tiis
215 3916 284 3985 suis
310 3915 370 3984 tibi
393 3916 614 4004 predictarum
639 3914 822 3983 litterarum
846 3915 1043 3983 auctoritate
1068 3913 1213 3999 contulit,
1239 3917 1274 3980 et

144 4023 290 4110 providit
314 4021 356 4090 de
381 4023 461 4109 illis,
486 4029 518 4091 et
544 4023 696 4091 dilectum
721 4021 823 4090 filium
848 4023 1086 4091 Thcmssiuum
1109 4019 1273 4088 notorium

143 4149 236 4201 suum
252 4137 309 4200 tuo
324 4131 514 4201 nominede
529 4132 611 4218 ipsis
627 4151 686 4218 per
702 4149 794 4199 suum
807 4131 965 4198 annulum
976 4130 1155 4214 investivit,
1173 4133 1271 4215 prout

141 4241 176 4307 iu
191 4241 412 4310 instrumento
428 4239 560 4327 publico
575 4239 653 4308 inde
669 4237 820 4308 coniectu
831 4239 977 4324 dictique
992 4235 1178 4307 Penestrini
1193 4235 1272 4322 Epi·

143 4351 235 4437 scopi
252 4349 365 4436 sigillo
382 4347 515 4434 signato
532 4347 660 4436 plenius
677 4348 868 4416 continetur.
901 4345 970 4416 Nos
985 4347 1098 4431 itaque
1113 4346 1179 4414 tuis
1195 4365 1273 4433 sup·

142 4457 380 4546 plicutionibus
405 4457 573 4538 inclinati,
599 4458 688 4542 quod
704 4457 746 4525 ab
763 4456 880 4524 eodem
898 4456 1061 4542 Episcopo
1077 4455 1272 4526 Penestrino

145 4566 269 4637 tectum
286 4575 340 4636 est
355 4567 387 4633 in
405 4567 468 4636 huc
484 4571 589 4653 perte,
606 4573 714 4637 retum
729 4571 763 4634 et
777 4564 905 4634 firmum
921 4563 1091 4650 habentes,
1109 4563 1145 4633 id
1160 4571 1272 4634 sucto-

143 4679 239 4750 ritste
256 4678 454 4768 Apostolica
481 4677 707 4750 confirmemus
723 4685 757 4747 et
776 4678 940 4766 presentis
957 4674 1072 4766 scripti
1091 4673 1272 4765 patronicio
1355 4697 1370 4704 ·

1007 4787 1049 4854 6⁸
