3250 5268
104 1154 124 1217 1
130 1155 164 1220 V.
182 1153 294 1220 Orbda
307 1157 400 1242 pdpo
424 1177 445 1218 a
470 1157 643 1242 ocsaprdma'
658 1153 843 1240 pospokeek
863 1153 1061 1242 mepdoppjo,
1077 1152 1157 1240 bopy
1171 1150 1231 1216 lto

2 1351 3 1354 Ἴ
107 1265 214 1342 declat,
232 1264 403 1330 lanceam
419 1262 526 1329 aulos·
540 1272 715 1352 cmmoda,
742 1261 977 1348 equarestadpebe
991 1261 1120 1346 iptoeso.
1137 1257 1234 1324 1264.

216 1496 373 1564 Urbanus
397 1496 583 1581 Episcopus
600 1503 660 1562 etc.
687 1493 870 1563 venerabili
885 1492 978 1562 tratri
995 1543 1003 1560 .
1021 1541 1029 1559 .
1048 1541 1055 1559 .
1072 1492 1233 1577 Episcopo

2 1587 3 1592 ἵ
109 1602 352 1688 vesprimiensi
368 1605 509 1673 salutem
527 1613 586 1671 etc.
613 1603 759 1672 Dilectus
777 1601 862 1668 lilius
877 1603 1038 1670 Robertus
1054 1599 1232 1669 Subdiaco·

2 1743 3 1772 l
108 1733 169 1780 uus
186 1719 309 1796 noster,
336 1712 460 1780 Cantor
484 1713 631 1780 Eoolesie
647 1712 689 1780 de
706 1713 864 1798 Possega‚
881 1710 1083 1796 Capelianus
1101 1727 1230 1776 reuera·

2 1917 3 1920 Ἴ
108 1819 186 1887 bilis
203 1820 313 1887 tratris
340 1822 443 1887 nostri
460 1870 468 1887 .
487 1872 492 1884 .
510 1869 519 1888 .
536 1821 693 1906 Episcopi
720 1819 911 1902 Penestriui,
928 1820 963 1886 iu
980 1824 1091 1884 nostra
1116 1835 1231 1903 propo·

110 1929 177 1997 suit
192 1933 360 2016 presentia
377 1932 584 2016 constitutus,
610 1931 697 2014 quod
713 1927 916 1999 venerabilis
933 1926 1034 1995 trater
1050 1934 1182 1996 uester.
1203 1973 1208 1986 .
1227 1973 1233 1986 .

2 2027 3 2052 ³
111 2038 324 2105 Penestrinus
350 2037 545 2125 Episcopus,
571 2041 623 2108 eui
648 2037 836 2107 conterendi
853 2057 911 2124 per
927 2059 973 2122 se,
990 2035 1043 2104 vel
1059 2056 1117 2122 per
1133 2036 1232 2102 alium

2 2243 3 2248 Ἰ
112 2152 169 2212 aut
184 2147 271 2212 alios
287 2147 436 2232 personis
453 2145 581 2215 idoneis
597 2147 759 2213 benetioia
776 2143 1012 2230 ecclesiastiea,
1039 2151 1235 2231 personatus

113 2261 145 2320 et
161 2254 346 2338 dignitates
372 2275 445 2323 cum
471 2275 549 2322 cura
574 2264 607 2323 et
631 2256 703 2324 siue
729 2275 818 2340 cura,
839 2275 902 2340 que
918 2255 1118 2323 veruerabilis
1135 2254 1235 2320 irater

111 2370 226 2429 uester
242 2362 435 2431 Timotheus
451 2364 687 2448 Zagrabieusis
706 2365 899 2451 Episcopus,
919 2371 996 2432 tuuc
1012 2365 1144 2449 electus,
1163 2384 1233 2450 pro-

111 2473 269 2540 motionis
284 2494 342 2541 sue
358 2482 504 2559 tempore
521 2476 554 2542 iu
571 2477 682 2558 Regno
709 2473 854 2560 ngarie
871 2475 1050 2558 obtinebat,
1068 2494 1235 2541 concesse-

111 2601 225 2647 ramus
242 2601 301 2669 per
317 2590 447 2651 nostrus
472 2587 534 2649 sub
561 2591 650 2650 certa
675 2583 781 2650 torma
800 2581 926 2651 litteras
943 2585 1080 2650 liberam
1100 2585 1235 2651 laculta·

113 2697 191 2770 tem,
211 2690 521 2759 Archidiacouatum
538 2692 580 2760 de
596 2689 693 2758 Uulto
710 2687 861 2778 (Valko),
889 2711 949 2758 uec
976 2711 1040 2757 uon
1057 2691 1236 2760 canonica-

114 2806 183 2863 tum
201 2803 236 2863 et
251 2797 462 2882 prebendam,
490 2817 572 2881 quos
598 2795 685 2862 idem
701 2798 885 2884 Episcopus
902 2798 1047 2882 predicte
1064 2785 1237 2884 promotio-

112 2906 166 2970 nis
200 2913 347 2991 tempore
378 2907 411 2973 iu
441 2907 784 2989 Quinqueecclesieusi
817 2907 966 2973 Ecclesia
996 2905 1130 2988 obtinet,
1162 2925 1236 2973 cum

113 3013 268 3080 omnibus
294 3013 418 3081 iuribus
435 3021 469 3079 et
485 3013 694 3099 pertiuentiis
710 3014 779 3080 suis
796 3013 854 3079 tibi
869 3015 1093 3098 predictarum
1109 3014 1236 3082 littera-

114 3142 187 3187 rum
204 3124 402 3190 auctoritate
420 3123 564 3207 contulit,
593 3129 626 3188 et
654 3121 799 3207 providit
814 3121 855 3189 de
881 3123 957 3205 illis,
984 3131 1079 3205 teque
1096 3123 1137 3190 dc
1154 3121 1238 3207 ipsis

115 3249 286 3315 persuum
312 3231 466 3296 annulum
491 3229 678 3314 investivit,
705 3236 801 3315 prout
816 3231 850 3296 iu
866 3229 1079 3299 instrumento
1105 3230 1238 3316 publico

116 3338 196 3403 inde
212 3338 364 3406 conlecto
380 3337 523 3422 dictique
539 3338 722 3407 Penestriui
733 3337 890 3424 Episcopi
901 3339 1011 3422 sigillo
1027 3340 1156 3422 signato
1172 3338 1239 3423 ple·

116 3448 191 3514 uius
208 3448 402 3513 continetur.
435 3445 503 3514 blos
527 3448 639 3530 itaque
664 3446 743 3516 dicti
775 3437 910 3514 liuberti
941 3445 1238 3533 supplicationibus

2 3617 3 3622 ,
117 3555 282 3641 inclinati,
301 3555 388 3638 quod
404 3555 447 3620 ab
464 3554 579 3622 eodem
596 3557 761 3643 Episcopo
788 3555 978 3624 Preuestino
1002 3555 1122 3622 laetum
1139 3561 1189 3621 est
1205 3555 1238 3619 iu

2 3713 3 3756 ,
119 3665 182 3730 bac
197 3669 303 3748 parte,
320 3669 425 3730 ratum
450 3671 483 3730 et
507 3663 634 3731 firmum
654 3664 823 3748 habentes,
840 3664 876 3730 id
892 3683 951 3748 per
967 3669 1096 3730 nostras
1112 3661 1239 3729 litteras

119 3775 270 3841 duximus
286 3771 552 3842 confirmandum.
568 3773 730 3853 Quocirca
746 3772 944 3840 fraternitati
960 3779 1016 3839 tue
1032 3770 1239 3854 mandamus,

120 3889 283 3964 quatenus
299 3901 357 3966 per
372 3887 414 3966 te,
433 3882 487 3949 vel
503 3901 562 3967 per
579 3882 679 3948 alium
690 3900 747 3948 seu
757 3879 851 3964 alios,
862 3879 1042 3967 predictum
1053 3879 1238 3961 Robertum,

2 4007 3 4056 l
121 3991 175 4059 uel
190 3997 437 4076 procuratorem
453 4009 545 4058 suum
562 3990 632 4057 eius
648 3993 779 4057 nomine
795 3991 889 4057 iuxta
903 3989 1024 4076 prefati
1035 3987 1241 4054 instrumenti

2 4109 3 4130 ³
119 4107 269 4168 mucram
300 4099 334 4166 iu
366 4100 569 4184 corporalem
596 4097 847 4182 possessiouem
878 4095 1175 4164 Archidiacouatus
1206 4101 1240 4161 et

95 4237 97 4240 ·
120 4208 290 4294 prebende
305 4206 527 4294 predictorum
553 4207 748 4273 auctoritate
768 4211 882 4272 nostra
896 4203 1065 4286 iuduoeus,
1082 4209 1115 4270 et
1129 4201 1240 4268 deleu-

121 4317 204 4384 deus
220 4315 398 4399 inductum,
415 4313 521 4382 iacias
536 4331 610 4380 eum
626 4314 660 4380 iu
676 4315 766 4381 dicta
784 4313 934 4382 Ecclesia
959 4312 1003 4379 ad
1028 4309 1239 4377 Archidiaco·

120 4433 237 4502 natum
254 4425 362 4510 ipsum
379 4422 523 4508 admitti,
550 4415 641 4488 etad
658 4421 819 4508 prefatam
835 4419 1038 4505 prebendam
1053 4420 1086 4484 iu
1102 4418 1241 4486 Eaucui·

2 4517 3 4548 ³
120 4552 194 4600 cum
205 4534 324 4618 recipi,
351 4539 384 4599 et
408 4531 601 4613 inlustrem,
618 4548 683 4596 uou
700 4525 1077 4611 obstanteesrtoipsius
1096 4524 1241 4592 Ecclesia
1350 4558 1351 4561 π

2 4705 3 4708 ,
123 4635 367 4712 Oanouiirorum
383 4655 514 4704 numero
529 4637 721 4718 iuramento,
738 4631 982 4701 confirmatione
993 4632 1088 4700 Sedis
1106 4635 1242 4717 Aposto-
