3250 5268
902 374 964 442 tos

368 566 507 628 monium
535 573 705 650 presentes
730 567 857 638 litteras
884 572 1107 640 concessimus
1134 572 1234 657 sigilli
1261 572 1364 639 nostri
1391 571 1500 637 runni-

366 671 454 737 miue
482 675 666 742 roboratas.
702 675 822 743 Datum
849 677 1024 764 strigonii,
1050 699 1138 746 anno
1164 679 1297 748 Domini
1326 680 1384 745 Ml.
1411 677 1497 748 (ἴθ’.

370 782 589 863 sexagesimo.
609 783 681 850 llll.
699 785 842 852 intrante
858 786 941 852 Maio
959 786 1013 853 die
1029 795 1133 854 sexto.

365 999 504 1096 (Teutaeh
515 1028 546 1086 ds
558 1029 728 1106 Firnbaber,
738 1033 1039 1196 Urkundenbuehl3ur
1049 1032 1226 1092 Gesehiclrte
1237 1033 1493 1108 Siebsubllrgenu
1507 1107 1514 1116 ..

843 1123 865 1180 Ι.
878 1122 907 1179 k.
921 1125 965 1180 to.
990 1165 996 1177 .

791 1413 1047 1431 ,ΜΠ-υ

890 1957 944 2023 te.

355 2157 461 2229 lance
472 2160 628 2248 menatae·
637 2166 786 2234 bibomob
797 2171 924 2260 pdopblt
939 2193 961 2236 o
972 2175 1063 2262 pcipe
1072 2170 1303 2258 aupedelmdbdl
1312 2171 1490 2238 henbur-

511 2269 577 2334 aolc
592 2271 725 2358 adprdbi
739 2274 977 2364 kanonoleadpot
993 2279 1199 2365 admonens.
1216 2277 1315 2346 1264.

458 2479 647 2568 Stephanus
673 2486 885 2558 miseratione
902 2490 1025 2560 Divina
1050 2490 1263 2562 Prenestinna
1290 2493 1487 2581 Episcopus

351 2582 472 2654 dilecto
490 2591 663 2675 capellano
681 2612 740 2661 suo
757 2596 895 2666 Eventio
912 2600 1095 2686 presbitero
1116 2603 1259 2669 salutern
1274 2601 1308 2668 in
1325 2602 1486 2672 Domino.

349 2689 490 2762 Noveris
507 2715 567 2764 nos
583 2699 740 2784 recipisse
754 2703 884 2773 litteras
901 2707 1114 2794 Apostolioas
1130 2711 1191 2776 sub
1209 2710 1273 2776 hac
1289 2711 1416 2778 forma:

457 2817 612 2888 Urbanus
639 2825 825 2911 Episcopus
852 2851 967 2898 servus
1002 2851 1170 2902 servorum
1196 2835 1260 2903 Dei
1287 2837 1484 2905 venerabili

348 2917 462 2987 tratri.
482 2971 489 2987 .
507 2927 692 3017 .llpisoopo
709 2933 903 3007 Penestriuo
921 2941 1061 3008 salutem
1078 2949 1111 3010 et
1125 2944 1358 3029 Apostolieam
1376 2946 1482 3015 bene-

346 3023 530 3098 dictionem.
548 3035 652 3103 Tuam
662 3040 810 3108 volentes
822 3043 986 3114 honorare
1000 3067 1177 3132 personam
1194 3058 1227 3118 et
1242 3071 1303 3137 per
1316 3052 1483 3121 bonorem

346 3131 407 3199 tibi
423 3136 601 3207 exhibitum
614 3145 689 3214 aliis
707 3147 891 3236 prouidere,
908 3141 1102 3224 conferendi
1112 3179 1173 3244 per
1189 3165 1222 3226 te
1234 3160 1287 3227 vel
1303 3179 1363 3246 per
1374 3161 1481 3228 alium

345 3241 500 3310 antelios
516 3251 665 3329 personis
681 3253 809 3324 idoneis
826 3259 989 3330 beneficia
1006 3265 1247 3354 ecclesiastica,
1273 3272 1481 3352 personatus

345 3352 377 3410 et
393 3347 571 3434 dignitates
588 3351 661 3423 cnm
690 3371 820 3431 cureat
835 3361 907 3434 sine
924 3389 1024 3456 cura,
1051 3391 1115 3459 que
1131 3374 1275 3444 dilectus
1292 3373 1379 3443 tilius
1397 3376 1481 3444 Thi·

343 3453 494 3524 motbens
518 3459 753 3542 Zagrabieusis
770 3471 908 3540 Electus
934 3481 1149 3560 promotionis
1176 3501 1236 3550 sue
1264 3489 1413 3569 ternpore
1440 3487 1478 3555 in

343 3557 453 3642 Regno
470 3562 617 3651 Ungarie
634 3574 814 3662 obtinebat,
836 3601 876 3648 ac
893 3583 1038 3654 lao'endi
1054 3607 1215 3674 personas
1242 3592 1336 3678 ipsas
1352 3594 1399 3661 ad
1417 3593 1476 3662 be·

342 3664 461 3736 neficia
478 3671 674 3765 huiusmodi,
692 3683 769 3750 siin
786 3686 945 3758 Ecclesiis
963 3692 1152 3780 collegiatis
1170 3697 1301 3783 fuerint,
1314 3700 1419 3786 recipi
1439 3705 1476 3771 in

342 3777 519 3846 canonicos
535 3787 568 3846 et
584 3784 616 3850 in
633 3786 762 3876 fratres,
779 3812 838 3859 nec
854 3815 918 3862 uon
935 3802 1203 3873 contradictores
1219 3827 1280 3892 per
1296 3828 1474 3877 censuram

341 3881 603 3956 ecclesiasticam
620 3897 843 3978 appellatione
861 3905 1047 3992 postposita
1063 3915 1313 3998 compescendi;
1331 3937 1398 3983 non
1414 3917 1472 3983 ob·

342 3992 449 4056 stante
466 4001 554 4059 certo
571 3996 717 4082 ipsarum
744 4005 968 4077 Ecclesiarurn
987 4018 1219 4087 canonicorum
1249 4043 1405 4108 rumero,
1423 4027 1472 4092 iu-

340 4103 507 4181 ramento,
531 4103 778 4178 confirmatione
793 4115 889 4182 Sedis
905 4119 1098 4203 apostolice
1114 4126 1185 4194 sive
1202 4149 1400 4214 quacunque
1417 4133 1471 4200 iir-

295 4217 298 4223 ·
341 4198 455 4268 mitate
472 4207 607 4294 vallato,
624 4220 680 4280 ant
696 4217 723 4282 si
734 4215 913 4290 direximus
929 4225 963 4292 in
979 4247 1021 4294 ea
1036 4251 1097 4318 pro
1109 4234 1184 4300 aliis
1195 4237 1320 4324 scripta
1338 4248 1470 4326 nostra,

340 4322 398 4372 sen
423 4311 452 4374 si
468 4311 563 4380 Sedis
589 4319 733 4389 eiusdem
758 4329 810 4394 rel
828 4327 1025 4416 Legatornm
1050 4339 1155 4424 ipsius
1182 4351 1240 4409 aut
1267 4366 1471 4432 quacunque

341 4416 533 4484 auctoritate
549 4413 583 4488 in
600 4423 646 4490 eis
657 4429 690 4491 in
711 4433 886 4502 canonicos
903 4441 1003 4524 aliqui
1016 4453 1094 4512 sunt
1109 4450 1245 4536 recepti,
1257 4453 1310 4519 vel
1328 4460 1364 4518 ut
1379 4458 1468 4524 reoi-

340 4513 469 4595 piautur
485 4524 656 4614 insistant,
682 4534 799 4614 quilius
816 4562 875 4625 per
900 4547 960 4613 hoc
977 4553 1086 4632 quoad
1111 4559 1361 4626 assecutionem
1381 4565 1467 4633 alio·

337 4641 407 4692 rum
423 4627 669 4720 beneficiorum,
694 4657 926 4720 personatuum
944 4659 994 4724 vel
1014 4659 1212 4742 dignitatum
1241 4669 1468 4751 preludieimu
