3250 5268
874 396 1032 496 203„

390 589 687 666 contrar'ustitianr¹
702 591 864 676 spoliasti,
890 593 1003 676 sicque
1030 592 1101 677 ipss
1126 609 1185 674 pso
1198 595 1258 668 ¹tua
1272 591 1444 659 uoluntate
1460 587 1520 656 de

390 699 475 764 tincs
492 705 527 762 ct
544 697 591 763 eis
608 699 779 766 reclusere
806 699 950 767 indebite
967 700 1175 772 contradicis.
1208 699 1316 779 Quare
1332 698 1396 783 ipsi
1412 703 1447 762 et
1462 716 1521 762 ca-

389 804 539 874 rissimus
556 805 590 872 in
606 803 735 872 Christo
751 803 837 874 filins
853 814 964 877 noster
980 803 1092 893 Blela)
1114 808 1253 877 illustris
1268 806 1339 872 Rex
1355 803 1518 889 Ungarie,

389 921 485 998 puter
499 920 583 1000 tuus,
600 915 824 1000 pereuntium
841 917 1020 1001 specialem
1035 937 1094 1004 pro
1111 916 1160 984 eis
1177 916 1339 989 instanter
1354 913 1520 1000 postulari

390 1021 539 1105 iecerunt
554 1041 575 1088 a
589 1022 705 1107 uobis,
730 1029 765 1093 ut
789 1042 887 1110 snper
911 1024 976 1094 biis
1000 1024 1150 1108 exbiberi
1165 1023 1230 1094 sibi
1245 1023 1521 1106 complementum

390 1126 514 1199 institis
530 1125 721 1198 taceremne
738 1131 806 1216 Nos
822 1130 934 1216 itaque
951 1131 1200 1203 considerantes
1216 1137 1351 1213 attente,
1367 1126 1519 1213 qnod-de

390 1235 586 1326 spoliatione
602 1243 636 1302 ct
651 1236 839 1308 detentione
865 1239 1053 1322 huiusmodi
1078 1259 1144 1306 non
1165 1238 1330 1317 modicum
1354 1246 1410 1316 tue
1425 1235 1519 1305 tame

390 1343 518 1434 deperit
533 1349 565 1412 et
581 1345 691 1432 saluti,
708 1345 849 1414 maxime
866 1345 944 1430 quia
958 1348 1142 1420 nouaclum
1158 1347 1325 1433 predictos
1339 1344 1517 1415 Ducissan

389 1459 424 1539 et
448 1451 622 1538 orphanos,
648 1451 707 1520 sed
733 1453 842 1534 etiam
858 1454 980 1540 Regem
1014 1455 1121 1544 ipsum
1147 1474 1220 1540 cnm
1251 1454 1386 1539 superni
1414 1452 1517 1537 Reno

389 1557 527 1640 offensa,
544 1567 639 1645 prout
654 1562 851 1650 accepimns,
869 1563 1014 1648 gratim
1029 1560 1518 1649 perturbastitnasuitndinen

390 1672 479 1762 tuam
493 1672 621 1743 attente
636 1668 983 1754 rogandamdnximus
999 1677 1035 1739 et
1048 1669 1434 1756 nonnuntnustenus
1443 1688 1519 1755 illor

389 1775 465 1849 vide
482 1774 696 1847 considerans
712 1781 774 1846 etc.
791 1779 1022 1866 exultabitpad
1036 1779 1160 1864 sororis
1174 1787 1230 1846 tne
1246 1785 1284 1857 et.
1294 1776 1518 1864 orpbauouum

389 1887 533 1978 ipsorum
549 1883 622 1972 ipra
638 1884 692 1952 vel
706 1883 752 1953 ad
767 1904 1034 1976 quopumeunque
1058 1888 1147 1970 bona
1167 1884 1312 1966 fidelium
1327 1894 1361 1952 te
1377 1885 1435 1970 qui
1451 1890 1518 1952 etc.

388 1989 526 2067 inhiare,
542 1991 733 2077 supradicta
749 1999 861 2062 castra
878 2002 912 2060 et
938 1994 1125 2075 villsscum
1141 1993 1266 2078 iuribus
1281 1993 1521 2080 sepertinettia

389 2100 459 2166 suis
484 2119 542 2184 pro
568 2096 692 2166 Divina
716 2105 749 2166 ct
774 2100 964 2187 Apostolice
988 2102 1085 2172 Sedis
1110 2121 1151 2170 ac
1182 2109 1298 2170 nostra
1328 2100 1521 2169 reuerentia

388 2206 558 2273 restituere
574 2205 696 2274 ellectu
711 2215 861 2295 prompto
876 2217 910 2278 et
925 2209 1102 2278 liberorum
1119 2211 1271 2296 omittss3
1287 2209 1335 2278 lin
1351 2207 1442 2294 quod
1458 2207 1521 2274 tibi

388 2313 507 2380 exinde
529 2313 648 2382 Divine
664 2315 902 2390 benedictionis
927 2336 968 2385 ac
992 2326 1105 2387 nosue
1130 2319 1291 2405 premium
1315 2337 1389 2385 cum
1406 2317 1522 2385 landis

388 2421 533 2488 hnmano
548 2423 704 2506 preconio
720 2425 833 2492 valeat
858 2425 1052 2511 provenire3
1078 2426 1225 2510 alioquin
1244 2445 1318 2492 cnm
1334 2431 1451 2510 patres
1469 2445 1522 2490 or·

389 2526 572 2614 pbanorum
591 2537 624 2598 et
645 2531 775 2616 judices
801 2532 970 2601 viduarum
995 2535 1098 2603 simus
1123 2554 1144 2602 a
1171 2534 1311 2603 Domino
1337 2531 1522 2614 constituti,

389 2633 513 2703 eisdem
530 2635 670 2705 Ducisse
686 2659 727 2707 ac
752 2639 839 2724 filiis,
856 2659 915 2728 pro
925 2641 1043 2725 quibus
1060 2641 1094 2710 in
1111 2642 1181 2710 suis
1196 2642 1322 2710 iuribus
1341 2639 1522 2709 confoven-

387 2743 438 2810 dis
453 2743 573 2830 prefati
589 2747 693 2831 patris
709 2748 756 2814 tni
773 2748 961 2836 benignitas
973 2755 1035 2818 etc.
1050 2749 1286 2818 restituendum
1296 2749 1437 2835 prelatis
1453 2749 1523 2814 Dn-

389 2851 475 2917 cisse
492 2859 526 2918 et
540 2851 617 2920 tiliis
643 2861 765 2941 castra,
794 2856 915 2940 villas,
941 2856 1013 2924 iura
1040 2865 1075 2925 ot
1099 2858 1298 2942 pertinentia
1321 2863 1522 2936 memorata,

389 2959 565 3027 monitione
580 2961 752 3048 premissa,
764 2981 824 3047 per
834 2977 1008 3030 censuram
1020 2964 1295 3050 ecclesiasticam,
1305 2965 1389 3030 sicut
1399 2965 1523 3032 iustum

389 3065 498 3152 inerit,
515 3067 737 3152 appellatione
752 3076 889 3150 remota,
907 3071 1127 3155 compellaris.
1149 3073 1273 3140 Datum
1289 3073 1379 3160 apud
1395 3071 1523 3139 Urbem

393 3171 545 3239 Veterem
561 3169 664 3240 XVII.
676 3173 750 3243 Kal.
762 3175 912 3261 Augusti.
928 3175 1160 3265 (Pontificatns
1177 3177 1294 3266 nostri)
1310 3199 1398 3247 anno
1414 3179 1525 3247 tertio.

496 3363 548 3435 (IV
550 3404 556 3419 ·
570 3363 669 3425 Orbdn
682 3365 761 3440 papa
772 3367 975 3442 Regestdibdl,
993 3369 1118 3433 Tbsiner
1130 3371 1169 3429 ln
1182 3390 1219 3428 m.
1232 3373 1255 3430 1.
1268 3375 1298 3433 ln
1309 3372 1371 3430 2⁸16.
1385 3373 1420 3446 l.)
