3250 5268
670 942 725 1012 41.

126 1142 156 1206 A
175 1144 304 1230 rryitrar'
320 1140 475 1228 kdptalarr
491 1139 765 1228 bizooysdybeeelo,
781 1141 859 1228 kopp
874 1141 1000 1208 Endera
1016 1142 1098 1228 pods
1110 1145 1142 1210 ea
1157 1149 1263 1211 testeo-

149 1253 202 1316 rer'
218 1249 400 1338 Properti
414 1250 595 1316 &rietatem
611 1249 824 1316 semideae
838 1247 1115 1337 elzdlopositottctlt.
1132 1254 1230 1320 1263.

242 1431 428 1517 capitulam
447 1427 624 1498 Nitriensie
640 1429 789 1497 Eoolesie
806 1429 958 1497 omnibns
972 1429 1015 1498 ad
1032 1451 1114 1515 quos
1128 1450 1262 1517 presen-

127 1546 180 1607 tes
198 1539 536 1625 litterepernenerint
561 1537 703 1607 salntem
728 1539 762 1604 in
778 1537 919 1604 Domino
935 1538 1179 1624 sempiternam.
1211 1539 1264 1608 Ad

129 1649 363 1718 universorum
380 1648 535 1715 noticiam
559 1653 674 1715 tenore
700 1645 903 1734 presenoinm
919 1647 1065 1714 nolumus
1082 1648 1264 1736 peruenire,

129 1756 220 1839 qnod
239 1777 310 1824 enm
328 1755 449 1824 (lomes
467 1754 608 1842 Findere,
634 1761 667 1823 et
690 1753 799 1822 Beohe
815 1751 873 1821 tilii
889 1753 1045 1834 Pomnen,
1062 1763 1216 1842 presente
1232 1763 1265 1824 et

131 1867 369 1931 eonsenoiente
385 1863 530 1950 Byohen,
548 1863 650 1931 fratre
675 1863 832 1950 ipeornm,
858 1865 980 1928 terram
996 1861 1042 1930 ad
1061 1883 1153 1930 usum
1169 1865 1264 1931 nnius

132 1973 240 2038 aratri
256 1969 496 2050 sufficientem,
513 1970 688 2039 secundnm
705 1989 891 2039 mensuram
907 1969 1011 2054 Regni
1033 1977 1262 2038 oonsueratam

129 2076 430 2165 (igytseparatam
438 2099 499 2168 per
511 2086 626 2160 metas,
634 2075 675 2146 de
686 2084 773 2145 terra
784 2077 962 2166 Prorynoh,
974 2076 1139 2161 quondam
1150 2079 1262 2145 fratris

129 2205 256 2270 eorum,
275 2185 307 2252 in
323 2185 488 2253 territorio
514 2187 593 2252 nille
618 2183 771 2254 Endered
796 2186 1002 2268 existentem,
1019 2185 1111 2253 iuxta
1125 2184 1262 2254 llnnium

133 2295 301 2379 Leuna,a
320 2300 416 2380 parte
431 2299 518 2362 terre
533 2292 725 2377 Rennaldy,
751 2290 809 2358 filii
835 2291 1017 2378 Bennaldy,
1044 2291 1151 2359 eidem
1175 2295 1263 2361 Ren-

132 2401 236 2468 naldo
264 2421 325 2487 pro
351 2401 453 2468 tribus
479 2402 599 2469 merois
625 2401 770 2486 argenti,
797 2419 902 2485 nsque
927 2401 972 2468 ad
998 2405 1116 2470 testum
1149 2401 1263 2470 Saneti

129 2507 268 2576 Martini
286 2529 407 2576 eoram.
422 2508 517 2575 nobis
542 2509 670 2594 pignori
695 2507 909 2594 obligassent,
930 2509 990 2575 tali
1006 2507 1217 2595 modo,·qnod
1234 2509 1262 2577 ei

129 2617 207 2702 ipso
223 2616 362 2684 termino
388 2617 518 2684 Endere
544 2623 576 2684 et
597 2616 719 2701 Beohe,
746 2635 786 2682 ao
801 2617 946 2704 Byehen,
962 2623 1082 2686 terram
1098 2635 1192 2686 snam
1210 2639 1259 2686 re·

128 2725 257 2794 dimere
273 2744 336 2790 non
354 2730 508 2812 possent,
534 2725 608 2811 ipsa
632 2731 741 2810 terra,
770 2746 828 2812 pro
849 2724 973 2792 eisdem
999 2725 1103 2794 tribes
1130 2725 1261 2810 mareis,

129 2835 163 2898 in
189 2834 241 2900 ins
272 2839 305 2899 et
336 2832 571 2918 proprietatem
595 2833 770 2919 Bennaldy
801 2832 983 2918 supradicti
1015 2834 1261 2919 deuolueretnr,

128 2942 202 3006 inre
218 2947 377 3027 perpetuo
393 2939 605 3026 possidenda
631 2939 839 3010 Adueniente
854 2942 927 3026 ipso
944 2945 1087 3011 termino
1102 2943 1213 3012 Beohe
1229 2947 1263 3009 et

132 3049 271 3135 Byohen
299 3057 418 3116 terram
443 3067 536 3116 snarn
561 3050 723 3117 redimere
738 3050 900 3132 nolentes,
917 3051 1049 3120 Endera
1066 3051 1158 3119 tratri
1174 3053 1260 3139 ipso·

128 3177 201 3226 rnm
218 3157 422 3242 reliquerunt
438 3157 670 3242 redimendam,
689 3157 846 3244 quiquie
862 3167 1031 3246 assumpto
1047 3162 1196 3246 termino,
1214 3159 1259 3226 ui·

130 3266 255 3334 delieet
270 3265 387 3350 uigilia
404 3265 517 3332 Sanoti
542 3265 684 3351 Andree,
710 3266 831 3332 dietam
859 3269 980 3335 terram
1006 3268 1166 3337 redimere
1193 3288 1258 3335 non

132 3375 252 3462 potuit,
283 3371 456 3440 Rennaldo
474 3374 623 3460 superins
650 3383 838 3460 memorato,
857 3377 1004 3461 aooeptis
1021 3383 1160 3458 quatuor
1176 3394 1258 3441 mar·

131 3484 178 3550 eis
195 3489 229 3549 et
244 3480 390 3565 dimidia,
407 3499 472 3548 nna
488 3501 561 3549 eum
578 3480 680 3550 tribus
706 3484 836 3570 mareis,
860 3504 919 3570 pro
941 3483 1058 3567 qnibns
1076 3483 1152 3569 ipsa
1168 3489 1257 3554 terra

132 3593 244 3659 inerat
260 3590 416 3674 obligata,
441 3609 484 3655 ex
504 3609 666 3658 eonsensn
683 3598 716 3658 et
731 3597 900 3660 uoluntate
924 3591 1059 3676 Byohen
1087 3598 1120 3659 et
1148 3590 1258 3658 Beohe

130 3699 362 3784 prodietornnr,
380 3715 439 3782 per
456 3697 586 3765 modum
611 3697 832 3782 nendioionis,
858 3700 996 3784 reliquit,
1013 3701 1083 3765 inre
1099 3705 1259 3784 porpetno

131 3803 383 3892 possidendam,
398 3806 445 3872 ita
460 3812 581 3891 tamen,
597 3805 683 3891 qnod
700 3809 728 3876 si
745 3805 936 3874 Rennaldns
961 3807 1108 3891 prefatos
1126 3805 1259 3872 raoione

132 3919 221 3982 terre
235 3913 384 4001 prediote
409 3931 467 3998 per
491 3913 621 3998 aliquos
637 3915 877 3999 molestaretur,
904 3915 1034 3982 Endera
1060 3918 1258 3980 memoratus

131 4023 239 4109 ipsum
256 4021 422 4089 tenebitur
448 4021 617 4107 expedire.
644 4023 682 4088 In
699 4021 790 4090 ouius
805 4023 853 4089 rei
869 4022 1059 4090 memoriam
1078 4021 1257 4107 pleniorem

129 4137 303 4216 presentes
319 4131 445 4196 litteras
462 4129 687 4198 oonoeesimns
697 4131 798 4215 sigilli
808 4130 912 4200 nostri
928 4131 1107 4198 munimine
1123 4129 1256 4194 robora-

128 4245 191 4303 tas.
202 4237 300 4305 Anno
313 4237 357 4303 ab
368 4236 603 4305 lucarnaoione
614 4237 745 4304 Domini
756 4236 955 4306 M⁰OO⁰LX⁰
970 4237 1084 4304 tero-io.
1095 4235 1256 4316 Magistro

127 4343 297 4414 Demetrio
315 4345 454 4412 Leetore
471 4343 620 4412 Erotesie
636 4352 746 4414 nosne
762 4347 936 4414 existente.

129 4503 278 4575 (liredetle
291 4500 478 4576 bdrhrlrtytn,
490 4502 560 4561 ezel.
573 4501 625 4575 8⁸l,
641 4503 703 4559 deo.
717 4503 792 4573 hita,
806 4519 881 4575 mag.
894 4503 947 4575 6¹),
960 4503 1016 4574 dh,
1030 4503 1144 4575 melyen
1158 4519 1176 4557 a
1188 4500 1258 4574 kdp.

124 4594 205 4652 talen
218 4591 313 4665 l'ttggd
326 4591 457 4666 peosdtje
470 4592 536 4667 meg
550 4608 683 4665 megran,
709 4593 895 4665 Ondrejovits
916 4592 1022 4651 Ldsald
1046 4592 1081 4650 rlr
1102 4589 1257 4651 levtlttrt-

414 4683 482 4739 ban.
502 4682 590 4739 Koali
603 4685 646 4752 lsj.
666 4684 787 4753 Kslr'rrgr'
806 4685 920 4740 Ferme
931 4681 986 4754 dr.)
