3270 5280
920 334 941 400 2

845 425 1005 438 ——n-

366 535 400 598 in
415 530 564 600 omnibus
579 529 654 597 aliis
669 529 840 616 premissis
856 527 1006 595 uolumus
1021 525 1177 592 illibatas.
1210 523 1331 589 Datum
1348 517 1438 586 Bude
1455 521 1488 584 in

368 638 608 723 Assumpoione
624 637 747 704 Sancte
763 635 878 706 llario.

581 812 641 884 (1v.
655 811 763 872 Licuit
785 810 881 885 kirdly
895 809 1007 868 rute-kt
1021 807 1201 878 turcttbol.)

798 1037 1050 1049 —--..--—--—-

916 1507 949 1572 2.

366 1707 425 1774 IV.
450 1707 533 1775 Rota
552 1706 660 1795 surely
684 1705 808 1772 clintdzi
831 1725 853 1768 a
871 1698 1106 1789 pannoubobni
1125 1699 1260 1786 updtedp
1284 1699 1316 1762 έε
1330 1719 1351 1760 a
1375 1696 1491 1760 ezdkce·

359 1815 528 1903 febdnrdri
550 1813 706 1904 ltdplalua
729 1813 831 1898 boeti,
864 1834 886 1875 a
915 1807 1134 1896 lcdptuloocuk
1165 1804 1298 1893 Sornopy
1329 1801 1492 1890 mcpydbea

275 2003 281 2028 1
358 1925 461 2008 soboli
476 1922 691 2010 jdezdpoiuclc
716 1920 849 1989 taedere
877 1917 1050 1984 ooaatkozd
1072 1912 1377 2004 opponetlenedpekct.
1404 1912 1514 1974 1261·

875 2025 978 2094 tntu.

471 2227 555 2294 Bela
570 2225 633 2292 Dei
648 2226 762 2310 gracia
778 2227 849 2291 Rex
864 2222 1011 2310 Ungarie
1037 2220 1198 2288 uniuersis
1218 2223 1389 2306 presentes
1407 2217 1492 2284 litte-

365 2357 421 2403 ras
436 2325 634 2422 inspecturis
651 2333 792 2400 salntem
807 2336 840 2400 in
857 2334 998 2400 Domino
1040 2330 1122 2397 Cum
1139 2348 1267 2414 pacem,
1285 2332 1440 2411 quantum
1457 2322 1493 2387 in

366 2444 460 2511 nobis
476 2451 525 2512 est
535 2495 543 2528 ,
561 2462 633 2510 cum
650 2441 799 2508 omnibus
815 2441 938 2509 habere
965 2440 1143 2508 debeamus
1170 2445 1203 2505 et
1227 2443 1361 2518 tenere;
1385 2431 1493 2518 preci-

365 2571 429 2640 pue
445 2559 556 2619 lamen
569 2552 727 2620 debemus
745 2550 925 2634 intendere,
943 2557 978 2616 vt
994 2550 1079 2616 intra
1094 2549 1199 2634 Regni
1215 2545 1318 2612 nostri
1335 2541 1493 2608 terminos

365 2682 431 2748 pax
448 2668 480 2728 et
496 2660 674 2728 concordia
692 2668 903 2727 conseruetur
919 2665 952 2724 et
968 2659 1143 2742 iurgiorum
1165 2654 1302 2722 materia
1334 2647 1492 2734 sopiatur.

366 2767 446 2835 Cum
462 2769 561 2853 igitur
577 2768 662 2834 inter
677 2769 854 2835 Albenscm
869 2767 1055 2835 Ecclesiam
1073 2771 1106 2834 el
1129 2761 1361 2832 Monasterium
1378 2757 1493 2823 Sancti

364 2877 496 2945 Martini
511 2879 552 2944 de
568 2879 668 2946 Sacro
684 2880 793 2946 Monte
810 2879 979 2945 Pannonie
996 2897 1098 2964 super
1115 2873 1254 2944 decimis
1271 2873 1303 2938 in
1327 2869 1493 2936 Comitem

365 2983 555 3069 simigiensi
579 2985 867 3070 prouenientibus,
899 3005 982 3069 quas
1007 2985 1120 3053 Abbas
1146 2985 1180 3050 in
1205 2980 1327 3070 prediis
1353 2984 1386 3045 et
1402 2971 1492 3040 villis

366 3089 515 3159 Ecclesia
532 3099 565 3159 et
580 3093 817 3160 Canonicorum
841 3093 1033 3160 Albensium
1058 3089 1266 3172 vendicabat,
1283 3081 1493 3152 et·Albensis

366 3199 519 3266 Ecclesia
535 3219 572 3267 se
591 3200 634 3268 ab
652 3220 750 3266 onere
774 3198 973 3268 decimarum
998 3200 1172 3266 immunem
1199 3196 1342 3272 diceret,
1369 3189 1491 3257 dudum

366 3303 482 3373 inisset
499 3313 613 3372 exorta
629 3307 819 3390 contencio;
843 3305 904 3373 init
930 3308 962 3372 in
979 3307 1120 3374 arbitros
1137 3323 1234 3390 super
1261 3302 1378 3370 eodem
1402 3299 1493 3365 iacto

366 3412 487 3499 pluries
504 3414 783 3498 compromissum,
798 3431 858 3498 per
873 3432 1010 3497 quornm
1028 3414 1230 3483 sentenciam
1251 3412 1293 3478 lis
1310 3429 1372 3474 non
1388 3405 1495 3492 potuit

365 3519 513 3604 deliniri,
545 3521 623 3604 quia
648 3539 759 3589 eorum
784 3521 954 3589 sentencie
979 3521 1041 3590 luit
1066 3523 1108 3590 ab
1130 3523 1236 3590 altera
1252 3517 1411 3606 parcium,
1428 3531 1493 3598 que

365 3651 402 3698 se
417 3629 552 3716 grauari
568 3627 756 3714 senciebat‚
775 3628 1032 3714 contradictum,
1060 3635 1093 3696 et
1108 3627 1237 3696 demum
1262 3627 1432 3713 negocium
1447 3621 1492 3690 ad

364 3737 483 3806 Sedem
509 3736 733 3821 Apostolicam
761 3741 810 3804 eet
835 3735 1029 3822 deductum,
1056 3735 1112 3804 rbi
1136 3735 1194 3804 lite
1219 3736 1346 3803 diucius
1372 3732 1492 3820 perdu-

365 3851 477 3928 rante,
492 3843 625 3912 tandem
641 3862 743 3912 causa
758 3843 796 3932 in
808 3842 990 3928 Ungariam
1007 3849 1058 3910 est
1073 3845 1234 3931 remissa,
1256 3851 1289 3912 rt
1305 3838 1493 3910 amicabilis

363 3951 579 4037 composicio,
596 3951 626 4018 si
641 3957 764 4037 posset,
778 3949 872 4017 tieret
885 4000 892 4035 ,
907 3971 969 4035 que
994 3953 1122 4036 utrique
1149 3955 1234 4040 parti
1261 3953 1491 4040 complaceret·

364 4059 449 4138 Quia
464 4077 543 4125 vero
559 4060 728 4141 utriusque
745 4057 893 4126 Eccleaie
909 4065 1103 4144 patronatus
1118 4060 1163 4128 ad
1179 4080 1239 4127 nos
1264 4060 1426 4148 pertinere
1442 4057 1492 4126 di·

362 4166 524 4259 noscitur,
541 4183 652 4232 eorum
668 4165 835 4232 laboribus
852 4172 884 4234 et
900 4167 1058 4252 expensis
1073 4187 1211 4253 parcere
1227 4168 1407 4256 cupientes,
1422 4187 1490 4236 me-

361 4271 505 4338 diatores
522 4273 688 4340 extitimus
704 4273 797 4358 pacis
813 4280 846 4340 et
862 4275 1036 4342 concordie
1053 4276 1137 4344 inter
1158 4296 1215 4345 eos
1227 4275 1434 4345 reformande
1457 4285 1492 4345 et

362 4379 613 4466 composicionis
630 4381 799 4469 faciende,
817 4383 992 4450 ettandem
1002 4383 1123 4452 Diuino
1134 4385 1256 4458 auxilio
1272 4383 1314 4453 de
1329 4385 1490 4454 communi

363 4486 502 4554 consilio
520 4493 554 4553 et
569 4507 709 4555 assensu
724 4487 870 4573 Capituli
885 4489 1044 4558 Albensis
1061 4492 1213 4562 Ecclesie
1228 4503 1261 4560 et
1278 4493 1412 4574 Deoaui,
1438 4493 1489 4558 oui

361 4609 403 4658 ex
418 4595 562 4680 speciali
578 4595 808 4664 commissione
840 4595 936 4664 Sedis
953 4597 1144 4684 Apostolice
1160 4599 1325 4682 generalis
1352 4597 1491 4668 admini-
