3270 5280
175 1138 199 1202 Ι
201 1135 240 1204 V.
264 1134 373 1204 Orode
384 1139 521 1224 popae
539 1135 773 1226 paceoctcbmi
797 1140 933 1226 apdtadp
956 1139 987 1202 da
1010 1160 1031 1202 a
1052 1137 1178 1224 ctorpds‘
1190 1141 1302 1224 janos·

136 1271 142 1280 ·
173 1245 306 1310 rendist
329 1244 399 1310 ecc
424 1266 445 1308 a
468 1247 714 1332 sooeopymcpyei
741 1245 861 1312 tiaedak
893 1243 1096 1312 teles‘ntetobeo
1118 1244 1301 1312 intcakedt‘lc.

683 1352 781 1418 1261.

283 1547 437 1618 Urbanus
453 1548 635 1635 Episcopus
650 1567 765 1616 seruus
781 1567 949 1616 seruorum
971 1547 1035 1616 Dei
1044 1547 1165 1616 dilecto
1176 1545 1242 1614 filio
1252 1595 1261 1612 .
1272 1593 1301 1614 ..

178 1656 321 1725 (tentori
335 1655 488 1723 Ecclesie
502 1655 685 1725 danriensis
705 1657 894 1724 salutemet
918 1655 1145 1742 Apostolicam
1170 1653 1301 1721 benedi-

171 1764 323 1834 ctionem.
339 1765 515 1844 Querelam
532 1763 720 1832 dilectorum
736 1763 871 1831 filiorum
883 1813 891 1830 .
904 1811 931 1830 ..
949 1763 1089 1832 Abbatis
1105 1769 1137 1829 et
1154 1761 1300 1828 Conuen-

170 1880 225 1941 tns
240 1871 429 1942 Monasterii
443 1873 556 1940 Sancti
571 1873 701 1939 Martini
726 1892 826 1959 snpra
841 1873 1043 1939 Pannoniam
1059 1872 1103 1937 ad
1120 1872 1299 1938 Romanam

169 1981 356 2048 Ecclesiam
371 1981 461 2048 nnllo
477 1979 584 2048 medic
608 1981 804 2066 pertinentis
829 1978 963 2046 Ordinis
991 1979 1104 2046 Sancti
1130 1977 1301 2049 Benedicti

169 2090 354 2174 recepimus
370 2090 612 2173 continentem,
629 2090 718 2172 quod
734 2091 915 2174 Preceptor
940 2093 973 2154 et
998 2086 1118 2154 fratres
1142 2086 1297 2170 Hospita·

171 2198 249 2264 larii
278 2197 545 2285 Ierosolymiteni
561 2197 602 2264 de
620 2197 741 2281 (thirgo
757 2195 1013 2282 Vesprimiensis
1033 2193 1185 2260 Dionesis
1202 2212 1300 2278 snper

169 2305 367 2389 quibusdam
382 2304 520 2372 decimis
536 2313 568 2372 et
584 2305 662 2374 aliis
677 2305 777 2372 rebus
793 2302 892 2372 iidem
907 2303 1146 2370 conseruerint
1162 2301 1297 2368 eisdem.

168 2412 314 2496 Ideoque
339 2410 528 2479 discretioni
551 2419 607 2480 tue
631 2433 692 2500 per
725 2412 918 2498 Apostolica
946 2411 1070 2494 scripte
1095 2408 1299 2492 mandemus,

170 2527 331 2604 qnatenus
347 2521 496 2606 acceptis
512 2521 556 2587 ad
572 2521 660 2588 latns
675 2528 766 2588 tuum
781 2521 882 2587 etiam
897 2517 974 2585 eliis
990 2516 1081 2600 viris,
1100 2533 1235 2584 censam
1251 2517 1298 2582 in-

168 2637 219 2695 ter
234 2635 346 2714 partes
362 2625 497 2695 easdem
513 2626 624 2695 debito
641 2628 704 2696 fine
721 2627 878 2710 decidas,
904 2625 1031 2693 faciens
1047 2625 1129 2708 quod
1146 2623 1297 2692 decreue-

168 2737 214 2802 ris
239 2754 299 2820 per
329 2753 500 2804 censuram
525 2735 794 2804 Ecclesiastioam
817 2735 951 2802 firmiter
967 2733 1146 2801 obseruari.
1177 2733 1297 2802 Testes

169 2849 278 2910 autem
296 2841 351 2926 qni
366 2841 487 2909 inerint
502 2843 681 2925 nominati,
697 2844 726 2910 si
742 2843 912 2929 sagrada,
929 2842 1006 2908 odio
1022 2841 1075 2908 vel
1091 2840 1206 2906 timore
1222 2839 1296 2908 snb-

168 2951 331 3019 traxerint
346 2969 447 3018 causa
463 2952 496 3017 in
511 2951 717 3037 prescripta,
743 2949 971 3038 appellatione
987 2953 1139 3017 cessante
1156 2947 1296 3033 compel-

168 3057 218 3123 los
234 3059 366 3125 veritati
380 3059 600 3126 testimoninm
615 3061 782 3129 adhibere.
814 3062 935 3128 Datnm
961 3059 1098 3145 Viterbij
1125 3075 1212 3126 nono
1238 3056 1295 3123 ks-

166 3163 285 3232 lendas
302 3165 455 3235 Octobris
469 3167 679 3237 Pontificatns
696 3170 798 3238 nostri
815 3188 912 3250 *anno
928 3171 1043 3256 primo.

330 3359 474 3432 (Eredetie
485 3379 503 3418 a
516 3361 734 3422 ssent-mtrtoni
744 3361 900 3436 fdspctstg
912 3359 1136 3434 levdltrtrabsn.)
