3230 5268
348 1142 367 1205 l
373 1141 408 1206 V.
433 1139 515 1204 Belo
540 1141 646 1226 kirrily
672 1139 775 1226 Fruop
800 1140 981 1223 caztcrpanro'
1005 1139 1119 1202 eructet
1145 1139 1210 1202 Ke'r·
1235 1139 1314 1200 neor'l
1322 1131 1491 1220 folddel,

406 1247 485 1334 moly
500 1269 521 1310 a
537 1249 655 1334 epiro-ci
670 1247 786 1312 ndrboz
803 1257 956 1330 tortozott,
974 1247 1205 1332 udomdnyozao
1219 1267 1295 1330 mep.
1314 1244 1429 1324 1269.

453 1443 534 1510 Belo
551 1444 613 1512 Dei
628 1446 743 1531 gracia
767 1445 930 1529 Vngaric,
957 1443 1145 1527 Dalmaoie,
1171 1441 1325 1523 (lroacie,
1353 1439 1489 1519 Rame,

349 1555 473 1636 Seruio,
491 1553 649 1636 Gallicie‚
668 1551 870 1636 Lodomerie,
887 1553 1109 1635 cruenteque
1126 1553 1195 1618 Rex
1211 1548 1362 1618 omnibus
1383 1546 1489 1614 Chri·

351 1663 395 1730 sti
419 1661 568 1730 fidelibus
594 1667 659 1728 tam
675 1663 882 1748 presentibus
898 1679 994 1746 quam
1009 1660 1124 1728 futuris
1140 1660 1281 1727 salutem
1297 1658 1333 1724 in
1350 1655 1489 1727 salutis

350 1771 517 1856 largitore.
542 1770 595 1836 Ad
619 1771 843 1840 uniuersorum
860 1770 1013 1838 noticiam
1029 1777 1141 1836 tenore
1157 1768 1360 1856 presencium
1381 1763 1487 1832 volu-

351 1897 422 1946 mus
448 1878 640 1964 peruenire,
668 1876 754 1961 quod
779 1899 838 1946 nos
854 1883 1062 1944 recensentes
1079 1876 1244 1944 meritoria
1260 1873 1434 1957 obsequia
1451 1879 1488 1936 et

351 1987 546 2070 obsequiosa
570 1986 687 2054 merita
712 1986 911 2053 venerabilis
936 1986 1038 2070 patris
1055 1984 1201 2073 Philippi
1217 1981 1482 2070 Archiapiseopi

351 2095 582 2178 Strigoniensis
607 2097 683 2164 aule
700 2103 810 2164 nostre
825 2097 1032 2176 Cancellarii,
1050 2081 1163 2162 dilecti
1179 2101 1211 2162 ct
1226 2093 1333 2162 tidelis
1350 2091 1481 2173 nostri,

351 2223 414 2288 que
430 2201 525 2270 nobis
542 2209 574 2270 et
589 2202 705 2286 Regno
721 2210 831 2270 nostro
848 2205 881 2270 in
898 2204 1038 2271 diuersis
1054 2202 1175 2270 nostris
1195 2209 1228 2269 et
1242 2201 1348 2286 Regni
1365 2197 1483 2268 nostri

351 2310 496 2394 negociis
514 2308 656 2378 fideliter
672 2320 704 2378 et
720 2310 928 2379 laudabiliter
944 2313 978 2378 in
994 2311 1141 2378 omnibus
1157 2310 1282 2378 studuit
1297 2309 1479 2384 exhibere,

351 2424 486 2506 propter
510 2437 574 2501 qne
598 2419 743 2486 volentes
759 2421 866 2489 eidem
883 2441 1050 2488 occurrere
1068 2421 1171 2505 Regio
1188 2439 1260 2488 curn
1277 2419 1408 2503 fauore,
1428 2413 1475 2482 ad

352 2527 455 2612 ipsius
481 2525 678 2594 instanciam
694 2535 726 2596 et
742 2527 937 2615 peticionem
964 2530 1129 2614 quandam
1145 2535 1265 2596 terram
1281 2526 1382 2595 castri
1400 2524 1480 2592 Nit-

352 2634 473 2704 rionsis
489 2633 577 2699 Kecr
602 2639 751 2702 vocatam
777 2635 868 2704 iuxta
892 2633 1024 2704 fluuium
1049 2639 1144 2704 Nitra
1170 2635 1272 2702 sitam
1298 2653 1372 2702 eum
1400 2635 1478 2701 suis

352 2740 549 2814 utilitatibus
573 2741 635 2808 sub
660 2743 754 2811 metis
780 2741 998 2830 infrascriptis
1023 2743 1189 2828 dedimus,
1216 2743 1410 2812 donauimus
1438 2745 1474 2808 et

354 2849 547 2920 contulimus
572 2869 613 2918 ex
637 2851 741 2933 Regia
765 2850 990 2918 munificencia
1015 2853 1161 2937 predicto
1185 2850 1366 2920 vonerabili
1381 2851 1477 2939 patri

354 2957 613 3044 Arcbiepisoopo
629 2965 787 3045 perpetue
807 2958 998 3028 donacionis
1015 2960 1107 3028 titulo
1123 2961 1374 3046 possidendam
1392 2977 1474 3026 can·

354 3067 427 3134 dem
454 3067 518 3134 sibi
542 3085 600 3150 per
625 3067 774 3133 dilectum
792 3074 825 3134 et
840 3068 971 3136 fidelem
987 3077 1130 3136 nostrum
1146 3069 1239 3137 chau
1255 3069 1390 3148 Banum,
1408 3067 1473 3133 (lo-

355 3175 464 3240 mitem
481 3174 678 3241 Nitriensem
690 3175 854 3259 assignari
865 3175 1031 3243 facientes
1041 3177 1126 3244 Mete
1136 3183 1244 3242 autern
1257 3175 1361 3260 ipsius
1372 3173 1473 3252 terre,

354 3289 449 3368 prout
464 3283 499 3348 iu
513 3283 631 3350 litteris
646 3282 792 3349 eiusdem
810 3281 904 3350 chatz
932 3285 1016 3350 Beni
1031 3283 1169 3350 vidimus
1197 3283 1373 3366 contineri,
1410 3281 1475 3347 hoc

355 3390 468 3458 ordino
484 3389 741 3473 distinguuntur:
765 3391 875 3457 Prima
892 3399 978 3459 meta
994 3391 1109 3478 incipit
1123 3392 1214 3458 iuxta
1228 3389 1361 3458 fluuium
1377 3389 1474 3456 Nitra

357 3499 420 3566 sita
437 3519 455 3562 a
472 3503 565 3582 parte
582 3499 732 3566 orientali
749 3500 842 3566 iuxta
858 3500 968 3566 villam
986 3500 1125 3567 Abbalis
1142 3499 1267 3566 scilicet
1279 3495 1350 3584 (dc)
1362 3499 1474 3565 Zubur

356 3609 444 3674 Reor
467 3613 636 3692 vocatam3
663 3617 696 3674 et
721 3608 797 3676 iude
821 3609 927 3693 vergit
952 3609 995 3675 ad
1022 3616 1146 3692 partem
1164 3607 1421 3688 meridionalem,
1439 3613 1473 3672 et

357 3717 506 3800 peruenit
520 3735 621 3799 usque
638 3716 682 3782 ad
698 3717 794 3783 villas
812 3717 935 3784 domiui
951 3717 1051 3800 Regis
1062 3723 1093 3784 et
1105 3717 1235 3784 domine
1247 3717 1370 3798 Regino
1380 3715 1471 3782 Kesu

357 3831 504 3911 vocatas,
529 3823 613 3890 inter
638 3844 721 3907 quas
738 3833 813 3891 sunt
829 3845 915 3894 noue
931 3835 1017 3891 mete
1033 3827 1123 3892 iuxta
1139 3832 1265 3892 veteres
1281 3831 1387 3890 metas
1403 3841 1470 3888 nu-

358 3953 445 3999 mero
462 3951 595 4017 nouem,
612 3931 731 4000 deinde
746 3931 850 4000 tendit
866 3941 899 4000 et
914 3933 1062 4018 peruenit
1078 3933 1118 3998 ad
1134 3941 1244 4019 partes
1266 3930 1470 4019 septemtrio·

357 4041 460 4126 nales,
489 4040 579 4105 iuxta
603 4047 720 4108 terram
747 4042 878 4127 Teryan
905 4047 1053 4109 vocatam
1074 4041 1117 4108 ab
1133 4062 1198 4108 rna
1214 4049 1318 4125 parte,
1335 4044 1368 4104 et
1383 4037 1472 4104 Keer

358 4150 400 4215 ab
426 4149 531 4214 altera
554 4155 628 4213 suut
652 4155 716 4215 tres
742 4169 823 4215 noue
839 4157 925 4216 mete
943 4156 1051 4217 erecte
1068 4147 1215 4216 similiter
1232 4149 1323 4214 iuxta
1338 4154 1469 4213 veteres

357 4263 482 4339 metas;
507 4257 584 4323 item
610 4257 729 4324 exinde
753 4257 901 4324 ascendit
925 4259 1050 4342 iterum,
1079 4263 1111 4322 et
1126 4255 1275 4341 peruenit
1290 4256 1335 4323 ad
1351 4261 1469 4322 terram

357 4363 512 4433 nobilium
536 4367 681 4434 Berencb
708 4377 938 4453 nuncupatam,
965 4373 997 4434 et
1025 4368 1262 4433 iuxtaterram
1287 4367 1394 4452 ipsam
1412 4384 1469 4451 per

359 4481 425 4541 tres
441 4482 545 4541 metas
561 4474 800 4562 progrediendo
817 4483 849 4545 et
869 4475 1100 4547 descendendo
1117 4476 1209 4543 iuxta
1226 4474 1356 4543 fluuium
1372 4471 1469 4541 Nitra

361 4581 557 4650 antedictum
575 4589 649 4650 snut
664 4589 731 4652 tres
747 4593 831 4653 mato
852 4585 1061 4670 singulariter
1088 4591 1212 4666 ereote;
1240 4589 1272 4650 ot
1296 4581 1342 4652 ibi
1359 4582 1468 4649 termi-
