3230 5268
374 1191 473 1258 Νόιια
483 1197 727 1274 mestertiauepye
737 1211 757 1251 a
767 1190 989 1275 otnrpitazt'pett'
1004 1192 1211 1278 apricacileook
1226 1192 1498 1282 lapyomdnyoaan

374 1297 489 1365 S6sltut
499 1293 699 1380 raortfoldtg
709 1294 888 1380 atelyfelett
903 1305 980 1360 mont
995 1296 1102 1380 Dima,
1124 1301 1236 1365 Beater
1243 1301 1295 1386 fia
1311 1297 1498 1388 eqyealtede'k

375 1427 408 1472 ea
422 1405 564 1494 optinebit
578 1402 791 1491 ttpyoiviijeoel
806 1403 973 1468 Milolo'eeal
982 1426 1002 1466 a
1018 1403 1129 1469 Barcini
1138 1407 1293 1494 kdptaloa
1304 1407 1386 1473 ollitt.
1401 1405 1496 1470 1270·

481 1588 551 1654 Noe
578 1585 765 1672 Capitulum
791 1581 951 1652 Budeusis
976 1585 1125 1654 Ecclesie
1149 1586 1381 1674 signifioamus,
1408 1583 1499 1670 qnod

375 1697 479 1764 fratre
504 1694 654 1778 Nieolao,
679 1699 890 1779 proouratore
907 1711 1053 1760 sororum
1070 1696 1111 1762 de
1127 1695 1240 1762 Insula
1255 1697 1376 1764 Sancte
1392 1693 1500 1762 Mario

374 1825 433 1892 pro
450 1803 564 1871 eadem
581 1801 730 1868 Eeolesia
745 1801 788 1865 ab
804 1819 870 1866 una
888 1809 992 1886 parte,
1006 1809 1044 1884 ,et
1058 1801 1225 1872 Demetrio
1242 1803 1308 1872 filio
1323 1803 1443 1870 Beater
1458 1801 1499 1868 de

375 1931 494 2000 genere
520 1909 726 1977 Oanaheater
753 1910 796 1975 de
820 1911 901 1976 villa
925 1909 1037 1996 Berlrij
1065 1931 1106 1976 ex
1132 1913 1247 1994 altera,
1275 1931 1384 1978 eoram
1400 1910 1499 1978 nobis

375 2019 594 2107 personaliter
619 2018 812 2104 constitutis,
841 2027 1089 2106 proposuerunt,
1115 2022 1204 2105 quod
1220 2023 1252 2087 in
1269 2039 1380 2102 eausa,
1398 2037 1498 2103 quam

376 2125 482 2194 dietus
507 2124 692 2192 Demetrius
717 2145 776 2210 pro
802 2125 945 2210 quadarn
971 2132 1059 2192 terra
1086 2125 1234 2196 Souslrut
1250 2135 1368 2194 uocata
1386 2133 1499 2192 eontra

376 2240 576 2304 memoratas
604 2250 732 2300 sorores
756 2231 797 2298 de
822 2233 934 2300 Insula
958 2233 1079 2300 Sancte
1104 2237 1206 2304 Maris
1226 2242 1383 2318 mouerat,
1401 2253 1500 2317 quam

377 2352 496 2410 terram
512 2341 632 2408 nobilis
660 2349 810 2408 matrona
824 2342 942 2407 reliota
957 2341 1112 2410 videlieet
1128 2345 1276 2428 magistri
1291 2344 1408 2426 Naue,
1433 2343 1500 2408 Eo·

377 2451 478 2519 elesie
501 2452 605 2518 Beate
630 2448 734 2518 Mario
749 2449 894 2535 Virginis
912 2452 954 2518 de
969 2451 1076 2522 insula
1092 2455 1259 2522 antedicta
1275 2473 1336 2540 pro
1351 2451 1501 2520 remedio

377 2561 486 2634 anime
511 2578 572 2626 sue
597 2559 786 2640 legauerat,
811 2557 920 2626 taliter
948 2561 1197 2646 conuenissent,
1214 2559 1300 2645 quod
1315 2559 1500 2646 predictam

378 2677 497 2738 terram
513 2666 757 2752 prenominatus
774 2666 959 2735 Demetrius
970 2687 1041 2736 oum
1052 2669 1119 2736 suis
1130 2669 1279 2736 omnibus
1289 2667 1499 2752 utilitatibus,

378 2797 461 2864 quas
487 2777 528 2843 (le
553 2774 696 2861 proprijs
722 2773 887 2841 laboribus
915 2785 947 2842 et
973 2778 1126 2862 expensis
1144 2778 1177 2843 in
1193 2777 1267 2863 ipsa
1283 2785 1371 2843 terra
1387 2775 1502 2864 parari

378 2885 623 2969 latentesque
639 2883 682 2948 ad
697 2889 845 2967 tempora
861 2881 926 2949 uite
944 2905 1002 2952 sne
1023 2885 1222 2973 possidebit3
1250 2885 1405 2954 defuncto
1421 2903 1501 2952 nero

377 2994 542 3064 Demetrio
565 2993 693 3075 absque
717 2991 873 3058 beredum
898 2995 1118 3078 successione,
1144 2995 1259 3060 eadem
1285 3000 1373 3061 terra
1399 2994 1433 3058 in
1449 2993 1501 3060 ius

378 3101 528 3172 Eoolesie
552 3102 655 3167 Beate
679 3101 783 3166 Marie
810 3099 851 3166 de
877 3102 985 3169 insula
1010 3103 1224 3188 deuoluetur3
1243 3101 1270 3169 si
1286 3109 1397 3170 autem
1413 3101 1500 3168 idern

378 3210 563 3281 Demetrius
588 3207 688 3274 lilium
716 3208 924 3292 superstitem
941 3209 1100 3296 habuerit,
1118 3211 1147 3279 si
1163 3211 1268 3278 eidem
1286 3209 1351 3277 lilio
1367 3211 1501 3298 pleone·

380 3320 433 3403 rit,
459 3327 580 3386 terram
606 3315 804 3384 antedictam
830 3338 901 3384 curn
929 3320 1077 3386 omnibus
1094 3340 1191 3406 super
1208 3318 1323 3385 eadem
1339 3325 1429 3385 terra
1445 3317 1501 3385 be·

380 3427 521 3496 ‹litieatis
537 3427 591 3492 nol
608 3425 777 3510 plantatis,
789 3433 885 3510 prout
896 3429 1010 3494 eadem
1027 3435 1115 3494 terra
1132 3426 1229 3493 tuerit
1245 3434 1324 3494 tuno
1342 3425 1501 3514 temporis

380 3536 540 3617 estimata,
565 3535 701 3601 liberam
729 3534 851 3601 babeat
876 3535 1055 3603 redimendi
1071 3535 1274 3619 laenitatem,
1290 3536 1398 3603 tooius
1414 3543 1501 3602 terro

378 3643 490 3732 preoio
515 3643 702 3710 memoratis
728 3645 892 3711 sororibus
908 3646 942 3711 in
959 3642 1098 3712 solidum
1114 3644 1291 3730 persoluto.
1308 3643 1416 3730 Super
1433 3665 1499 3729 quo

378 3753 478 3835 teoto,
495 3752 642 3836 partibus
657 3751 704 3818 sie
720 3752 906 3820 uolentibus
932 3759 963 3817 et
987 3753 1175 3840 petentibus
1192 3750 1305 3821 literas
1322 3761 1497 3838 presentes

379 3862 595 3929 eonoessimus
613 3859 714 3944 sigilli
730 3861 832 3926 nostri
848 3861 1021 3927 munimine
1038 3862 1219 3929 roboratas.
1232 3861 1351 3927 Datum
1362 3880 1422 3948 per
1432 3883 1498 3929 ma-

379 3987 441 4037 nus
456 3967 604 4050 magistri
619 3967 779 4052 Ambrosij
797 3968 969 4036 Soolastioi
990 3970 1163 4056 Budensis,
1189 3989 1275 4036 anno
1291 3968 1425 4037 Domini
1450 3971 1500 4039 Μ’

380 4074 447 4145 00⁶
461 4075 565 4141 Lxx·
588 4076 725 4142 Nioolao
751 4077 901 4160 Cantore,
927 4079 1021 4144 Petro
1046 4079 1201 4164 Custode,
1228 4077 1340 4145 Bedeu
1364 4077 1499 4148 Deeeuo

379 4183 479 4254 zoua
495 4185 676 4267 sacerdote,
693 4183 854 4252 Damiano
875 4193 906 4250 et
932 4187 1027 4254 Petro
1043 4188 1222 4273 magistris,
1238 4187 1421 4273 ceterisque
1437 4189 1498 4258 Oa·

379 4291 507 4362 nonieis
523 4293 749 4361 existentibus.

381 4448 525 4525 (Ηέιιγάιι
537 4451 641 4526 saepen
654 4449 722 4512 irua.
736 4453 764 4509 A
775 4452 875 4526 penset
884 4451 964 4510 leber
976 4456 1104 4529 selymen
1116 4456 1199 4532 ftlgg.
1219 4487 1253 4500 -
1275 4457 1455 4531 Μοιιιὶ]
1464 4477 1498 4516 m·

382 4539 641 4616 gytjtemtnyobtl.
651 4573 686 4585 -
696 4542 853 4613 Kiedte,de
863 4541 994 4614 liutran,
1005 4544 1090 4617 Fejer
1100 4546 1252 4622 eounipl.
1266 4549 1301 4607 V.
1312 4551 1340 4606 k.
1351 4551 1374 4607 1.
1386 4569 1409 4606 r.
1421 4552 1465 4610 8&
1478 4553 1497 4610 l.

806 4635 899 4688 Κιιαιιι
918 4635 1046 4701 Νάιιιὶοι.)

803 4795 1064 4809 m
