3230 5268
666 1017 742 1083 tta

151 1237 183 1301 V.
202 1237 310 1300 Iatcdre
324 1233 431 1320 kirdly
446 1234 622 1320 meperdse'ti
642 1233 753 1299 Tamais
772 1235 884 1300 baatoa'
893 1238 1022 1324 prepeti
1037 1237 1183 1301 cadmo‘ra
1199 1231 1261 1300 11⁷.

144 1341 288 1446 Bdldook
313 1341 440 1428 Nyctea
466 1347 544 1407 need
563 1339 1260 1430 fdldreooaotkoadadomdoyoadadt.1270.

249 1558 435 1644 Stephanus
460 1549 523 1623 Dei
548 1561 662 1642 gracia
687 1559 872 1646 Hungarie,
896 1557 1085 1642 Dalmscie,
1113 1557 1261 1642 (iroaeie,

141 1657 262 1752 Rama,
280 1667 393 1734 Seruio
403 1717 413 1752 ,
430 1665 589 1746 Gallicis,
606 1667 802 1736 Lodcmerie
812 1720 822 1755 ,
838 1669 1014 1751 Cumania,
1040 1661 1264 1758 Bulgarie'que

130 1769 210 1842 'Rex
236 1775 386 1844 omnibus
412 1775 536 1846 Christi
561 1775 713 1844 fidelibus
735 1785 906 1864 presentes
920 1777 1047 1844 litteras
1063 1773 1264 1862 inspectoris

143 1881 283 1951 salutem
310 1883 342 1951 in
360 1904 408 1968 eo,
426 1886 481 1968 qui
497 1885 645 1970 Regibus
661 1885 719 1952 dat
735 1889 883 1954 salutem.
899 1885 952 1954 Ad
968 1883 1194 1954 minersorum
1209 1903 1264 1951 no·

143 1989 253 2060 liciam
270 2001 381 2062 tenore
397 1993 600 2079 presencium
615 1995 764 2064 uolumus
789 1997 971 2083 peruenire,
1000 1991 1174 2079 quod'Deo
1191 2011 1263 2080 pro-

142 2101 226 2186 picio
252 2103 347 2168 nobis
377 2101 419 2167 ad
437 2103 549 2197 ‘Regni
575 2103 691 2169 solium
717 2103 901 2172 sublimatis
926 2101 1086 2188 magister
1109 2101 1263 2198 Thomas,

139 2209 328 2296 Propositus
343 2209 535 2296 Hantensis,
553 2217 665 2278 noster
687 2213 824 2280 clericus
850 2199 1016 2296 specialis,
1042 2211 1087 2279 ad
1111 2218 1259 2279 nostram

140 2316 304 2386 accedens
320 2318 526 2403 presenciam
542 2319 637 2388 nobis
653 2321 818 2388 humiliter
833 2317 1085 2407 supplicantem
1096 2317 1261 2404 quandam

139 2429 259 2495 terram
286 2425 394 2494 Oestri
419 2427 638 2496 Musunieosis
663 2431 769 2496 Nulos
793 2435 955 2512 vocatam,
973 2447 1072 2512 quam
1088 2429 1130 2496 ab
1147 2429 1262 2496 merita

139 2535 351 2607 seruiciornm
377 2555 507 2604 suorum
534 2537 684 2606 dominns
709 2539 781 2605 Rex
808 2538 1004 2606 karissimus
1029 2545 1125 2624 pater
1149 2546 1261 2606 noster

140 2647 247 2715 eidem
273 2648 463 2734 contulerat,
494 2648 705 2717 collacionem
728 2649 886 2716 antedicti
902 2645 1069 2716 karissimi
1084 2647 1187 2733 patris
1202 2669 1257 2716 no·

132 2743 204 2824 stri·
215 2754 406 2824 ratificando
423 2757 485 2824 sibi
500 2759 605 2826 eciam
621 2775 707 2825 nunc
724 2757 871 2826 conterre
887 2755 929 2824 de
945 2761 1058 2825 nostre
1075 2755 1185 2842 gracie
1194 2753 1261 2843 ple·

138 2861 288 2932 nitudine
304 2863 521 2950 dignaremur.
538 2865 581 2933 tte
597 2867 674 2934 lieet
690 2863 775 2936 idom
790 2868 948 2952 magister
963 2863 1107 2934 Thomas
1124 2873 1258 2951 propter

140 2969 334 3059 multiplicia
351 2973 494 3042 seruicia
510 2979 544 3042 et
569 2973 738 3044 fidelitatis
766 2995 867 3061 opera
892 2974 1068 3040 karissimo
1095 2974 1181 3059 patri
1205 2993 1261 3040 no·

141 3085 217 3158 stro,
234 3079 366 3150 domino
391 3083 474 3168 Regi
498 3083 606 3151 felicis
633 3085 797 3167 memorie,
814 3092 848 3153 et
862 3085 987 3170 pariter
1003 3081 1098 3150 nobis
1113 3077 1261 3148 exhibita

140 3190 231 3274 apud
246 3197 392 3258 nostram
407 3191 689 3278 Magnificeneiam
705 3193 830 3262 maiora
850 3195 1040 3276 moreretur,
1059 3191 1136 3275 quia
1151 3197 1263 3257 amen

141 3279 446 3385 arper''eeltaeione
472 3301 620 3370 eiusdem
641 3307 726 3371 terre
741 3299 949 3388 priuilegium
966 3303 1069 3389 ipsius
1085 3299 1190 3388 patris
1205 3319 1262 3368 no·

142 3407 216 3494 stri,
235 3405 321 3492 quod
345 3417 480 3495 propter
510 3411 785 3496 anticipationem
817 3411 930 3478 mortis
962 3410 1110 3477 eiusdem
1140 3409 1262 3475 domini

141 3513 242 3601 Regis
266 3537 332 3582 non
358 3518 463 3602 potuit
477 3518 681 3604 impetrasse,
699 3519 861 3602 uobisque
875 3517 916 3586 de
933 3519 1116 3604 quantitate
1133 3525 1165 3586 et
1181 3535 1262 3600 qua·

141 3625 235 3693 litate
261 3625 406 3695 eiusdem
432 3633 528 3712 terre,
555 3635 587 3693 et
607 3635 712 3694 utrum
729 3627 802 3695 sine
816 3647 934 3713 magno
950 3627 1143 3714 grauamine
1159 3627 1261 3710 ipsius

143 3735 240 3830 castri
266 3736 402 3802 eandem
425 3735 521 3803 nobis
538 3737 689 3804 conferre
705 3732 805 3802 liceat
819 3755 879 3801 uec
895 3756 946 3817 ne,
963 3737 1087 3804 veritas
1103 3752 1170 3801 oon
1185 3753 1261 3834 corr·

142 3843 261 3926 stabat,
276 3843 494 3931 peticionibus
511 3843 616 3932 ipsius
632 3843 781 3931 magistri
796 3843 921 3913 'Rhome
936 3843 1203 3914 condescendere
1213 3849 1262 3910 at·

141 3951 326 4037 tendentes,
350 3949 441 4018 fideli
465 3959 575 4020 nostm
600 3953 636 4019 B.
654 3954 776 4020 Abbati
802 3953 920 4022 Sancti
944 3950 1077 4018 Martini
1101 3952 1143 4018 de
1159 3952 1260 4020 Sacro

140 4061 248 4127 Monte
264 4061 443 4146 Pannonia,
459 4069 495 4128 vt
509 4063 771 4149 prenominatam
786 4069 908 4129 terram
926 4082 998 4129 eom
1015 4063 1083 4129 suis
1108 4060 1256 4129 utilitati·

143 4171 202 4238 bus
226 4176 403 4236 memorato
428 4171 588 4255 magistro
612 4169 736 4237 Thome
758 4175 927 4254 statueret,
943 4177 977 4237 et
993 4168 1261 4238 circumstancias

142 4285 299 4347 metarum
316 4279 413 4347 nobis
428 4279 633 4364 rescriberet,
650 4278 772 4347 nostris
789 4276 937 4347 dedimus
953 4277 1070 4345 liiteris
1080 4277 1259 4347 inmaoda·

142 4389 194 4455 tis.
211 4388 274 4468 Qui
300 4388 431 4474 quidem
457 4387 554 4456 nobis
569 4387 749 4473 rescripsit,
765 4389 947 4474 predictam
962 4393 1083 4455 terram
1097 4386 1202 4456 Nulos
1217 4387 1262 4456 ed

143 4499 255 4567 decem
281 4502 402 4582 aratra,
427 4505 460 4564 et
483 4516 584 4584 sopra
607 4499 713 4584 ipsam
741 4495 857 4581 viginti
886 4498 1027 4582 quinquo
1041 4495 1157 4566 vineas
1172 4497 1261 4564 iuve-

141 4606 240 4686 nisse,
258 4612 292 4672 et
306 4605 370 4693 ipsi
385 4605 541 4692 magistro
557 4603 682 4673 'l'bome
698 4623 772 4672 cum
788 4605 855 4673 suis
871 4602 1069 4674 utilitatibus
1078 4605 1169 4672 nullo
1184 4624 1259 4673 con-

137 4713 310 4785 tradictore
334 4715 504 4798 existente,
530 4714 613 4785 sieut
638 4721 784 4783 nostrum
800 4714 989 4783 mandatum
1004 4712 1173 4800 babuerat,
1189 4720 1253 4783 sta·
