3270 5280
129 1185 252 1252 Mitto
267 1184 408 1273 cdprddi
422 1183 623 1270 operatorio,
647 1181 777 1269 eppldzi
793 1183 936 1252 birtolrra
958 1184 1135 1250 eoootlcoad
1151 1183 1264 1252 itc'lcts.

654 1291 752 1359 1262.

224 1485 738 1557 NosNicolausArchidiaconus
748 1485 1264 1572 Neugradieusirmemoriecom·

131 1595 331 1664 mundantes
348 1593 570 1679 significamus
587 1595 736 1664 omnihus
756 1597 966 1683 presentibus
983 1604 1016 1662 ct
1031 1595 1176 1682 posteris
1192 1615 1264 1682 pre-

131 1711 261 1772 sentem
277 1702 436 1789 paginam
452 1701 651 1788 inspecturis
670 1725 678 1768 ε
703 1701 798 1784 Quod
822 1703 917 1788 Boht,
943 1704 1100 1772 sacerdos
1115 1703 1265 1772 Ecclesie

133 1810 252 1878 Sancti
267 1809 439 1878 Michaelis
464 1809 665 1895 Archangeli
681 1811 723 1877 de
738 1811 829 1878 Kezv
846 1818 878 1877 et
894 1811 1064 1879 uoluntate
1080 1817 1114 1877 et
1130 1811 1265 1898 permis·

132 1919 230 1986 sione
244 1916 304 1984 tilii
321 1913 410 2004 (lgy)
426 1917 575 1984 Eccleaie
592 1935 651 1984 suc
667 1937 709 1985 ex
724 1936 790 1983 nna
805 1923 919 2004 parte;
946 1917 1050 1985 Karul
1065 1924 1264 2003 ueroputro·

133 2043 197 2092 nus
213 2025 364 2092 Ecclesie
394 2024 545 2092 Omnium
570 2027 767 2096 Sanctorum
784 2026 827 2094 de
843 2025 950 2094 Bercn
967 2047 1009 2094 ex
1024 2025 1131 2094 altere
1156 2047 1265 2094 coram

132 2133 231 2202 nohis
248 2131 433 2218 constituti;
459 2133 547 2200 idem
572 2133 658 2201 Boht
682 2133 839 2202 sacerdos
865 2135 958 2218 dixit,
973 2135 1015 2204 de
1030 2133 1188 2219 parochia
1203 2153 1264 2201 suc

134 2238 305 2324 quendem
320 2241 433 2308 villam
449 2241 542 2308 curui
557 2240 717 2308 Johannis
743 2242 848 2310 Beren
864 2247 1015 2310 uocatam
1032 2262 1091 2329 per
1107 2240 1265 2311 sacerdo·

134 2357 202 2414 tem
230 2347 383 2416 Ecclesic
407 2345 559 2416 Omnium
585 2347 780 2416 Sanctorum
811 2349 852 2416 dc
877 2350 986 2435 Bereg
1010 2347 1052 2434 (i,
1084 2349 1264 2437 helyesbcn

134 2454 305 2542 ,‚Beren“)
330 2464 446 2525 contra
470 2457 634 2524 iusticiam
660 2461 854 2542 occupatam
880 2455 1039 2542 detineri3
1065 2455 1170 2524 Kerul
1185 2475 1264 2523 uero

133 2563 227 2630 illam
245 2564 330 2630 dixit
353 2563 543 2650 parochiam
570 2583 645 2656 esse
670 2562 821 2630 Ecclesie
838 2561 988 2630 Omnium
1015 2565 1207 2632 Sanctorum
1224 2563 1265 2631 de

134 2671 254 2739 Beren.
292 2669 386 2752 Quod
413 2691 484 2740 cum
501 2691 600 2756 super
616 2669 677 2738 hoc
692 2688 802 2738 coram
823 2669 918 2738 nohis
935 2669 990 2738 diu
1006 2671 1124 2740 fuisset
1139 2671 1265 2756 questio

135 2779 308 2864 ventilata,
325 2779 459 2848 tandem
476 2779 680 2866 postmodum
696 2777 845 2848 dedimus
870 2780 954 2848 scire
970 2780 1014 2847 ad
1029 2780 1126 2848 fidem
1142 2799 1264 2863 eorum,

135 2906 202 2974 qua
218 2885 293 2956 Deo
309 2893 469 2974 tenentur,
486 2885 679 2971 quibusdem
707 2887 932 2954 cacerdotibus
958 2887 1140 2956 senioribus
1165 2907 1265 2975 paro·

137 2992 212 3060 ehie
228 2999 352 3081 nostre,
368 2994 494 3062 scilicet
511 2995 641 3064 vicario
667 3000 778 3062 nostro
804 2995 1000 3068 hademerio
1016 2995 1057 3062 de
1073 2997 1181 3080 Fileh,
1199 2997 1265 3062 An-

137 3101 197 3168 dre
214 3101 256 3169 de
273 3105 416 3184 Losunc,
438 3104 550 3170 Eudre
566 3101 606 3168 dc
622 3101 743 3187 Dalan,
770 3104 877 3170 Peuce
892 3101 933 3170 de
950 3101 1078 3172 Ohaluu
1094 3109 1128 3170 et
1143 3103 1265 3188 Grego-

137 3210 185 3277 rio
201 3209 243 3278 de
259 3210 397 3296 vaog;
423 3211 452 3277 si
469 3210 551 3276 uilla
577 3209 667 3275 curui
680 3209 858 3288 Jchennis,
874 3229 937 3294 que
953 3211 1072 3278 dicitur
1086 3211 1203 3295 Bercn,
1220 3209 1264 3276 ad

136 3318 322 3386 Ecclesiam
337 3318 450 3386 Sancti
466 3315 637 3384 Michaelis
652 3316 852 3401 Archangeli
870 3318 911 3383 de
927 3318 1020 3384 Kcav
1036 3319 1107 3384 iure
1124 3319 1264 3404 pertine·

1 3499 2 3502 *
136 3434 198 3510 ret,
224 3427 279 3493 uel
304 3425 349 3492 ad
372 3425 558 3492 Ecclesiam
584 3423 734 3490 Omnium
761 3425 953 3492 Sanctorum
979 3428 1019 3493 de
1045 3425 1161 3494 Beren.
1202 3425 1266 3504 Qui

1 3523 2 3586 l
137 3531 346 3618 postmodum
362 3531 405 3598 ad
421 3552 480 3600 nos
506 3530 677 3599 redeuntes
697 3531 838 3600 fideliter
853 3533 1002 3618 requisiti
1020 3534 1099 3600 uiua
1116 3551 1197 3600 noce
1214 3551 1261 3598 re·

1 3677 2 3688 κ
137 3641 293 3724 tuterunt,
310 3638 398 3723 quod
414 3639 502 3704 dieta
518 3638 599 3706 uilla
614 3636 777 3706 iohannis
803 3639 907 3706 Bercn
924 3647 1053 3723 uocata,
1071 3641 1112 3707 ah
1129 3639 1264 3722 antiquo

140 3755 230 3814 esset
245 3747 406 3833 parochia
430 3745 580 3814 Scelesie
605 3745 753 3813 Omnium
775 3747 967 3814 Sanctorum
984 3747 1024 3815 de
1040 3747 1156 3814 Bercn.
1195 3746 1265 3814 Nos
1373 3737 1377 3742 ’

140 3875 221 3924 vero
236 3873 297 3941 per
312 3853 413 3921 uerba
438 3852 677 3920 antedictorum
700 3851 904 3920 sacerdotum
930 3853 1065 3920 sciendo
1091 3855 1266 3940 ueraciter,

139 3962 323 4049 predictam
352 3962 467 4028 uillam
497 3961 660 4028 Johannis
694 3961 800 4042 Beren
831 3967 1052 4048 nuncupatam
1090 3961 1266 4030 statuimus

138 4069 293 4140 Ecclesie
310 4069 459 4137 Omnium
476 4069 670 4137 Sanctorum
698 4067 739 4135 de
765 4071 870 4137 Beren
897 4071 966 4138 iure
985 4078 1144 4156 perpetuo
1160 4071 1265 4158 possi·

139 4180 306 4266 dcudam3
331 4179 377 4246 ita
403 4187 438 4246 ut
463 4178 505 4246 de
521 4186 631 4248 cetero
647 4176 707 4244 tilii
723 4180 873 4246 llcclesie
889 4179 1004 4248 Sancti
1020 4179 1191 4248 Michaelis
1206 4179 1265 4244 Ar-

140 4289 295 4375 changeli
321 4287 363 4356 dc
388 4289 489 4373 Kecv,
515 4288 569 4354 uel
593 4285 750 4356 sacerdos
777 4285 924 4355 eiusdem
945 4287 1096 4356 Ecclesie
1110 4303 1266 4376 processu

138 4399 298 4484 temporis
324 4397 458 4466 racione
483 4414 564 4480 sepe
589 4395 676 4461 dicte
701 4394 781 4462 uille
804 4393 968 4463 iohannis
994 4395 1116 4461 mutilam
1137 4392 1268 4481 possint

1 4479 2 4556 ἶ
140 4524 274 4574 mouere
290 4504 504 4588 questionem.
544 4504 587 4571 Vt
602 4509 713 4571 autem
730 4503 807 4570 talis
823 4505 870 4570 rei
886 4504 990 4570 series
1016 4502 1087 4571 siue
1103 4501 1267 4570 obliuione

140 4613 232 4682 uiuet
247 4611 338 4698 apud
353 4617 515 4699 posteros,
540 4609 586 4677 ad
611 4612 709 4677 robur
734 4616 894 4697 perpetue
918 4607 1081 4676 firmitatis
1096 4613 1268 4696 presentes

193 4736 293 4778 uorum
308 4735 387 4777 nunc.
402 4733 609 4779 susm-nnus
1091 4707 1113 4778 3
1146 4791 1151 4798 1
