3270 5280
891 330 936 398 40

837 430 928 439 ——a—
933 432 996 440 ---ι

350 528 402 595 bis
429 546 558 614 semper
581 533 614 594 et
638 527 859 611 acceptabilia
886 527 1026 594 servicia
1052 547 1092 592 ec
1117 527 1279 593 fervorem
1307 525 1480 595 fidelitatis

350 637 555 702 incessanter
585 633 819 718 impendisset;
860 653 921 699 ros
960 631 1062 719 ipsius
1101 632 1312 701 serviciorum
1351 632 1481 700 meritis

350 742 515 828 condigna
544 741 808 808 remuneracione
833 741 940 826 Regia
964 761 1137 809 occurrere
1161 742 1311 809 volentes
1336 761 1409 808 oum
1426 740 1480 806 fa-

349 869 438 932 vore,
454 848 618 933 quandam
635 845 786 937 (miram)
801 849 918 917 Nadas
940 853 1091 916 vocatam
1108 849 1142 914 in
1158 847 1324 916 comitatu
1339 849 1382 916 de
1400 845 1481 916 See·

350 977 411 1044 pus
427 976 500 1023 eum
515 954 712 1024 utilitatibus
738 955 806 1024 suis
831 955 895 1040 ipsi
912 953 1104 1040 Genbulino,
1120 961 1153 1023 et
1167 973 1226 1041 per
1242 973 1317 1021 eum
1334 957 1404 1025 suis
1419 955 1477 1022 be·

349 1063 493 1148 nedibus,
511 1062 732 1147 heredumque
756 1081 886 1130 suorum
907 1063 1162 1142 suecessoribus,
1194 1081 1282 1129 more
1308 1064 1481 1130 Saxonum

348 1173 487 1240 aliorum
503 1171 538 1238 iu
552 1172 677 1258 Scopas
693 1169 967 1238 commorantium
984 1172 1027 1239 ds
1042 1171 1242 1238 liberalitate
1259 1170 1365 1255 Regia
1382 1171 1479 1240 duxi-

350 1297 423 1346 mus
445 1277 686 1364 oont'erendam,
712 1277 903 1346 donacionis
930 1279 1024 1345 titulo
1050 1285 1205 1366 perpetuo
1221 1276 1480 1364 possidendam

349 1391 384 1454 et
399 1385 536 1453 eandem
553 1385 618 1451 sibi
642 1381 795 1453 Detricus
821 1386 938 1453 (lomes
956 1383 997 1453 de
1014 1388 1142 1472 Scepus
1158 1385 1301 1452 dilectus
1316 1391 1351 1452 et
1366 1384 1480 1452 fidelis

349 1499 461 1561 noster
476 1495 518 1561 de
533 1498 645 1560 nostro
661 1493 818 1561 mandato
833 1493 1027 1578 assignauit,
1045 1495 1128 1562 sieut
1143 1493 1230 1560 idem
1247 1491 1401 1560 Detricns
1417 1492 1480 1558 00-

349 1618 419 1669 mes
435 1599 528 1668 nobis
544 1600 577 1666 in
594 1601 663 1668 suis
679 1601 798 1668 litteris
817 1600 990 1668 intimeuit.
1008 1603 1046 1666 ln
1062 1601 1153 1668 euius
1170 1601 1217 1668 rei
1235 1600 1426 1667 memoriam
1442 1605 1481 1666 et

347 1716 540 1794 perpetuam
565 1707 750 1775 firmitatem
781 1715 953 1795 presentes
977 1711 1199 1778 concessimus
1228 1710 1341 1776 literas
1374 1709 1480 1792 sigilli

348 1815 450 1883 nostri
476 1813 616 1902 duplicis
641 1816 818 1884 munimine
841 1817 1022 1886 roboratas.
1054 1819 1174 1884 Dotum
1199 1837 1258 1902 per
1278 1834 1395 1883 manus
1410 1833 1480 1880 ma-

338 1923 443 2007 ‘gistri
469 1921 620 1991 Farcasii
646 1923 803 1992 Aliensis
829 1925 977 1993 Ecclesie
1003 1924 1119 2010 Electi,
1147 1925 1224 1992 aule
1249 1927 1359 1989 nostre
1384 1921 1479 1989 Vice-

349 2031 557 2118 Gancellarii
585 2032 694 2100 fidelis
719 2033 839 2118 nesbi5
866 2051 952 2100 anno
976 2033 1109 2102 Domini
1128 2031 1249 2102 ΜὋΟο
1265 2031 1479 2117 sexagesimo

349 2140 459 2224 tercio,
478 2139 585 2226 Regni
600 2145 712 2208 autem
727 2141 831 2208 nostri
847 2161 934 2209 anno
950 2141 1105 2210 vicesimo
1121 2159 1215 2208 nono.

433 2311 731 2386 (Erzrebetkirilyni
751 2315 866 2374 lew-ki
884 2317 1056 2390 megerbritb
1070 2313 1272 2390 okrnbnytbbl.
1291 2313 1394 2384 cuer.)

788 2613 1035 2624 —————n

346 3235 407 3303 11⁷.
433 3237 517 3302 Belo
540 3236 648 3324 kirdly
672 3235 803 3320 naeres
834 3236 1120 3326 beeaterezabctapoi
1151 3239 1244 3327 biaut,
1277 3261 1350 3306 eaeo
1382 3243 1480 3307 ociroe

417 3343 712 3430 aeomzedadydboa
728 3342 797 3408 teet
810 3343 935 3410 erdbccl
949 3345 1184 3434 odomdapoaza
1198 3369 1276 3435 orep.
1299 3347 1398 3414 1263.

454 3539 538 3607 Bela
562 3537 626 3608 Del
650 3539 766 3625 gracia
791 3541 970 3627 Hungario,
996 3539 1178 3629 Dalmaoie,
1195 3543 1343 3629 Groacie,
1360 3545 1478 3629 Reme,

347 3645 473 3732 Seruis,
489 3645 640 3734 Gallicis,
666 3644 859 3715 Lodomerie
876 3648 1100 3733 Oumanieque
1116 3651 1187 3718 Rex
1202 3652 1367 3720 uniuersis
1383 3651 1477 3720 Obri-

345 3755 388 3821 sti
404 3751 554 3822 fidelibus
570 3759 742 3840 presentes
767 3753 895 3822 litteras
911 3755 1107 3842 inspecturis
1124 3760 1262 3827 salutem
1278 3759 1313 3827 in
1329 3761 1475 3830 omnium

344 3859 528 3930 Scluatore.
546 3860 588 3928 vt
602 3867 797 3947 contractus,
813 3860 1228 3949 quiliuntperoonscnsnm
1240 3867 1390 3952 Regium,
1408 3875 1477 3936 eta·

345 3967 428 4037 biles
444 3975 666 4054 perreuerent,
694 3987 753 4055 per
777 3969 959 4037 litterarum
985 3973 1092 4040 solent
1112 3974 1301 4043 testimonia
1316 3973 1476 4062 roborari,

344 4081 379 4142 vt
395 4075 624 4152 inconcussum
641 4075 763 4164 quippe
780 4085 973 4164 permaneat
987 4085 1087 4165 atque
1102 4079 1238 4168 firmum,
1264 4081 1353 4166 quod
1368 4083 1476 4169 Regio

343 4180 442 4250 merit
455 4181 636 4268 patrocinio
653 4185 892 4256 communitum.
912 4183 965 4253 Ad
981 4187 1204 4255 uniuersorum
1221 4207 1301 4274 crgo
1316 4197 1385 4256 tam
1398 4209 1471 4277 pre·

343 4289 490 4360 cencium
506 4310 604 4374 quam
621 4290 799 4360 futurorum
815 4289 1089 4362 chrirtitideltum
1100 4296 1253 4370 noticiam
1270 4305 1386 4364 tenore
1402 4317 1475 4384 pre

343 4397 489 4465 cencium
505 4399 655 4468 volumus
680 4401 863 4486 peruenire,
891 4402 979 4484 quod
994 4421 1054 4469 nos
1071 4403 1288 4472 consideratis
1305 4405 1472 4475 fidelitati-

343 4504 404 4571 bus
420 4512 453 4571 et
468 4507 680 4574 seruiciorum
696 4508 822 4574 meritis
838 4508 973 4576 Comitis
986 4509 1115 4576 Andree
1125 4509 1232 4579 fidelis
1249 4509 1352 4578 villici
1368 4514 1474 4580 nostri

344 4609 386 4678 de
401 4611 683 4697 Byatcrchebana‚
699 4633 763 4696 que
778 4614 873 4683 nobis
889 4613 923 4680 iu
938 4619 1192 4686 conseruacione
1209 4623 1243 4685 et
1253 4617 1475 4705 ampliatione
