3270 5280
857 313 1028 416 *sa-

488 507 557 574 Nos
584 507 772 593 Capitulum
788 511 952 579 'Ecclesie
968 511 1153 582 lauriensis
1178 511 1293 582 damus
1309 533 1368 599 pro
1386 530 1511 579 memo-

376 611 446 700 ria,
471 617 647 698 quodcum
664 616 848 685 secundum
874 618 1114 688 continenciam
1137 622 1324 690 litterarum
1351 618 1508 707 magistri

374 719 553 788 Laurentii
568 723 695 791 iudicis
712 724 808 794 curie
832 727 955 795 domini
979 729 1079 815 Regis
1105 731 1221 798 Abbas
1237 730 1352 798 Sancti
1367 728 1506 796 Martini

375 829 409 894 in
426 827 601 913 quindenis
618 831 815 902 Natiuitatis
831 835 935 902 Beate
944 835 1090 922 Virginis
1107 847 1221 906 contra
1235 839 1373 906 Paulum
1391 844 1426 904 et
1443 836 1507 902 La

376 934 519 1004 dislaum
531 938 733 1024 jobaglones
748 943 850 1010 castri
866 944 1086 1014 Musuniensis
1101 945 1142 1014 de
1167 948 1245 1015 villa
1261 947 1380 1030 Dnrug
1404 963 1509 1031 super

374 1045 593 1127 quadraginta
608 1047 776 1132 iugeribus
792 1057 950 1118 terrorum
966 1055 1000 1119 in
1026 1060 1114 1121 terra
1128 1057 1244 1141 Durug
1266 1075 1380 1124 coram
1406 1051 1507 1120 nobis

373 1157 541 1236 prestrata
561 1155 731 1224 debuisset
741 1162 1133 1248 sacramentum3tandem
1145 1165 1218 1250 ipso
1230 1165 1281 1232 die
1292 1163 1507 1250 portibnsoo-

371 1277 444 1327 ram
460 1262 555 1329 uobis
564 1264 748 1332 constitutis
763 1267 866 1352 ijdem
877 1270 999 1336 Paulus
1015 1269 1234 1341 etLadislaus
1249 1275 1360 1341 eidem
1376 1269 1508 1338 Abbati

373 1367 590 1437 iuramentum
600 1373 799 1458 relaxarunt,
812 1379 1032 1462 relinquentes
1042 1381 1181 1466 pacitice
1197 1383 1349 1466 predicta
1359 1381 1508 1465 quadra·

371 1475 465 1560 ginta
475 1475 591 1560 iugera
600 1485 758 1547 terrarum
769 1483 889 1552 Abbati
899 1492 932 1550 et
942 1487 1140 1557 Monasterio
1151 1491 1267 1558 Sancti
1278 1490 1419 1556 Martini
1430 1507 1508 1574 per·

371 1585 890 1668 petuopossldends.Adiicimus
920 1595 1036 1678 eciam,
1062 1596 1278 1680 quodeadem
1294 1598 1350 1665 die
1367 1599 1507 1664 Marcus

370 1689 487 1758 (lomes
497 1689 582 1759 lilius
598 1694 749 1764 Mauricii
764 1717 874 1767 eoram
890 1703 984 1770 uobis
1000 1706 1218 1789 personaliter
1236 1706 1443 1774 constitutus
1459 1702 1507 1768 di·

371 1804 457 1862 ctum
467 1797 629 1866 llbbatem
645 1803 947 1876 incommctaneum
963 1813 1173 1881 seusieinum
1190 1834 1283 1880 suum
1299 1812 1415 1897 quoad
1432 1831 1507 1896 pre·

370 1903 460 1970 dieta
472 1907 695 1992 quadraginta
705 1911 822 1996 iugera
834 1919 958 2003 recepit
977 1926 1010 1984 et
1029 1922 1165 1988 admisit
1179 1931 1366 2008 spontanea
1384 1921 1506 1988 volun·

369 2014 460 2091 tate,
478 2015 676 2081 renuncians
693 2020 842 2104 accioni,
863 2044 962 2107 quam
979 2035 1093 2096 contra
1108 2029 1278 2114 predictos
1303 2027 1507 2096 Ladislaum

374 2125 407 2182 et
433 2117 571 2184 Paulum
590 2127 623 2185 et
649 2142 760 2190 eorum
789 2133 1052 2214 consanguineos
1078 2156 1179 2221 super
1206 2136 1506 2204 commetaneitate

369 2225 394 2286 tr
404 2242 457 2288 rre
473 2223 589 2308 Durug
605 2225 806 2299 intendebat.

488 2331 559 2395 Nos
575 2331 689 2416 itaque
706 2339 831 2407 eisdem
846 2343 964 2413 litteris
981 2349 1127 2434 Capituli
1152 2353 1234 2418 nisis
1260 2358 1293 2418 et
1319 2350 1506 2418 intellectis

368 2431 506 2500 easdem
522 2435 651 2505 litteras
668 2441 709 2507 de
725 2447 823 2514 verbo
840 2451 885 2518 ad
900 2455 1033 2521 verbum
1059 2461 1270 2541 presentibus
1297 2461 1505 2538 inseren‘es,

366 2535 483 2604 eadem
500 2543 721 2628 quadraginta
736 2551 851 2634 iugera
866 2563 1035 2639 terrarum,
1057 2565 1143 2633 sient
1168 2569 1201 2634 in
1229 2567 1358 2634 eisdem
1374 2566 1503 2634 litteris

365 2643 513 2728 capituli
532 2647 672 2718 uidimus
696 2658 866 2740 contineri,
876 2665 999 2734 Abbati
1015 2673 1257 2743 etMonasterio
1273 2677 1396 2744 Sancti
1411 2675 1502 2741 Mar·

364 2749 427 2816 tini
451 2752 634 2826 dimisimus
663 2765 802 2847 pacifico
828 2769 859 2836 et
884 2776 994 2856 quiete
1019 2783 1233 2864 possidenda.
1256 2787 1296 2852 In
1324 2787 1422 2853 cuius
1449 2783 1503 2852 rei

365 2859 559 2927 memoriam
574 2878 744 2948 presentes
759 2875 881 2945 Abbati
905 2885 1111 2968 supradicto
1137 2897 1363 2966 concessimus
1391 2893 1503 2976 sigilli

364 2965 470 3031 nostri
494 2969 672 3039 munimine
696 2978 899 3053 roborantes.
923 2988 1046 3058 Datum
1076 2996 1210 3067 Posouli
1242 3025 1330 3072 anuo
1363 3005 1511 3074 Domini
1564 3059 1565 3062 ,

366 3069 492 3142 ΜὈΟο
507 3081 714 3163 sexagesimo
730 3091 872 3156 seeundo
889 3093 922 3159 in
940 3093 1025 3166 festo
1039 3101 1143 3171 Beate
1160 3108 1340 3180 catherine
1350 3111 1507 3200 Virginis

525 3249 669 3321 (Eredetie
687 3273 706 3313 a
723 3263 938 3324 ssent-mdrtoni
950 3269 1105 3350 tcaptatg
1117 3279 1340 3359 levdltirtban.)
