3250 5268
601 343 763 447 —aL

1 565 2 568 ¹
116 546 215 630 petuo
230 542 375 611 ualiture
389 539 489 629 dedit,
505 539 661 626 tradidit,
688 539 772 608 sient
796 545 940 610 montem
956 547 1166 611 concesserat
1180 561 1245 610 ms·

116 655 299 734 moratum,
324 650 440 718 ductus
465 647 526 717 illa
551 645 815 717 consideratione
839 649 1020 738 potissime,
1052 649 1139 734 quod
1171 667 1244 716 cum

116 757 236 826 eadem
262 757 391 844 Regina
415 753 582 840 quoddam
607 756 841 824 monasterium
855 756 889 822 in
905 756 1014 826 insula
1037 754 1183 825 Danubii
1199 754 1245 824 ad

1 925 2 928 ,
115 864 275 935 honorem
291 864 444 937 arenoso
461 863 606 950 Virginis
621 862 725 931 liaris
740 863 885 932 construi
894 863 1030 934 lecisset
1044 863 1088 931 de
1102 861 1245 952 propriis

115 974 214 1043 bonis
229 973 311 1059 suis,
336 974 440 1060 Regis
464 973 605 1044 decebat
628 972 820 1043 Altitudiuis
844 973 1039 1060 claritatem,
1064 972 1151 1059 quod
1174 972 1249 1059 ipse

114 1082 203 1150 sicut
226 1083 269 1151 de
293 1083 431 1152 aliorum
454 1083 614 1152 bonorum
637 1101 769 1150 suorum
796 1081 980 1170 affluentia,
1005 1083 1053 1150 ita
1070 1089 1104 1152 et
1119 1079 1160 1149 de
1175 1077 1245 1148 suis

1 1236 2 1241 ,
113 1189 232 1260 liberis
248 1190 403 1259 honorem
431 1191 567 1278 dignum
591 1189 798 1277 impenderet
821 1191 989 1260 llaiestati
1005 1189 1147 1260 omnium
1162 1185 1246 1255 Ocn-

114 1294 245 1365 ditoris.
277 1297 333 1366 Sic
358 1298 479 1367 etenim
503 1317 564 1385 per
588 1299 838 1386 inspirationem
857 1298 921 1370 Dei
936 1298 1106 1368 mirificam
1121 1296 1245 1365 lactum

115 1422 195 1472 esse
211 1406 420 1493 conspicitur,
436 1407 524 1491 quud
550 1405 637 1473 idem
653 1407 724 1474 Rex
740 1405 784 1472 ad
798 1405 939 1493 gloriam
954 1406 1055 1491 Regis
1071 1411 1105 1473 et
1120 1403 1245 1491 Regius

115 1512 262 1580 celorum
278 1515 486 1583 carissimam
510 1515 546 1582 iu
574 1513 704 1585 christo
727 1513 830 1582 filiam
854 1521 1003 1584 nostram
1018 1514 1245 1601 Margaritam,

115 1627 232 1690 natam
249 1641 354 1708 suam,
371 1623 489 1692 obtulit
504 1623 656 1693 Glorioso
673 1621 808 1709 Virgini,
824 1623 893 1691 suis
908 1621 1062 1692 laudibus
1078 1623 1113 1690 in
1129 1621 1246 1691 eodem

115 1732 319 1799 monasterio
334 1738 494 1818 perpetuo
519 1732 723 1801 servituram.
755 1732 797 1798 Et
822 1731 902 1816 quia
925 1733 1064 1819 plurime
1088 1747 1247 1818 generose

1 1825 2 1838 ¹
115 1839 263 1924 uirgines
280 1841 387 1928 Regni
410 1841 571 1928 predicti,
596 1841 666 1910 lere
691 1831 821 1912 centnm
836 1860 983 1926 numero,
998 1839 1032 1909 in
1047 1837 1245 1907 monasterio

116 1947 192 2033 ipso
209 1948 255 2016 ad
271 1947 393 2017 Divine
409 1948 517 2018 laudis
541 1950 733 2034 obsequium
750 1949 869 2018 deuote
885 1970 926 2018 ac
942 1949 1108 2017 humiliter
1123 1963 1244 2016 conve·

1 2103 2 2120 1
116 2064 245 2142 uerunt,
266 2057 371 2125 uoluit
385 2059 456 2126 Rex
472 2057 632 2146 prefatus,
657 2065 693 2126 ut
717 2055 906 2125 huiusmodi
921 2056 1041 2125 ancille
1058 2055 1179 2125 Christi
1195 2075 1246 2122 ur·

117 2172 218 2250 gente
235 2167 448 2234 necessitatis
473 2174 620 2254 tempore
644 2186 682 2234 se
709 2167 743 2232 iu
769 2164 885 2234 eodem
901 2171 1011 2234 castro
1026 2164 1174 2252 recipere
1191 2183 1246 2231 uu-

116 2273 221 2357 leaut,
237 2281 273 2341 et
287 2275 321 2341 in
336 2277 409 2342 eius
424 2277 604 2346 secretario
620 2275 775 2342 virtutum
796 2273 936 2343 Domino
952 2273 1114 2341 famulari.
1146 2273 1247 2340 Porro

116 2386 152 2448 ut
167 2379 278 2448 libera
294 2383 491 2471 disponendi
507 2401 547 2450 ac
563 2381 738 2451 ordinandi
756 2383 798 2450 de
813 2381 885 2468 ipso
910 2387 1018 2451 castro
1033 2399 1135 2469 penes
1151 2379 1247 2466 Regi-

116 2509 193 2557 nam
211 2488 378 2575 prefatam
404 2496 553 2576 potestas
577 2496 751 2558 remaneat
777 2495 811 2558 et
834 2490 987 2576 facultas,
1015 2489 1101 2559 idem
1116 2489 1188 2556 Rex
1203 2487 1245 2555 de

117 2597 260 2664 consilio
275 2598 480 2666 Prolatornm
495 2606 530 2666 et
545 2599 667 2686 prefati
692 2598 798 2684 Regni
818 2600 981 2668 Beronum
996 2597 1082 2665 inter
1097 2597 1165 2666 alia
1181 2601 1246 2664 sta·

1 2735 2 2754 t
116 2705 181 2772 tuit
209 2704 404 2794 ordinando,
430 2714 467 2774 ut
490 2708 621 2793 Regina
648 2706 722 2793 ipsa
746 2705 928 2794 predictum
953 2711 1098 2776 castrum
1121 2705 1179 2772 uni
1204 2723 1247 2773 ex

115 2813 278 2880 dictorum
293 2813 395 2897 Regis
421 2821 456 2882 et
477 2817 603 2900 Regino
628 2815 753 2898 liberis,
780 2815 837 2899 qui
862 2816 970 2902 magis
995 2813 1103 2883 eidem
1119 2811 1246 2897 Repim

116 2918 218 2988 tuerit
233 2922 418 3008 obsecutus,
444 2923 479 2990 in
505 2925 573 2992 vita
597 2923 721 2991 donare
747 2925 801 2990 vel
826 2924 859 2990 in
879 2929 982 2990 morte
997 2923 1109 3010 legare
1123 2920 1247 3004 valeat,

116 3035 217 3112 prout
242 3029 314 3096 eius
338 3029 503 3114 placuerit
525 3030 688 3098 voluntati
700 3079 710 3116 ,
735 3031 819 3097 sicut
843 3031 877 3097 in
907 3030 1098 3116 patentibus
1128 3028 1246 3096 litteris

117 3135 269 3204 eiusdem
285 3137 386 3224 Regis
402 3138 560 3207 conlectis
585 3137 704 3208 exinde
731 3158 858 3224 suaque
885 3157 984 3207 aurea
1007 3137 1098 3210 bulla
1113 3135 1248 3203 munitis

117 3243 253 3330 plenius
270 3245 465 3312 continetur.
481 3245 591 3327 Quare
605 3265 665 3334 pro
681 3253 777 3332 parte
793 3249 939 3334 ipsorum
955 3246 1057 3330 Regis
1074 3251 1106 3314 et
1121 3245 1247 3330 Regius

118 3352 284 3420 instanter
298 3353 473 3440 petebatur
497 3374 519 3420 a
543 3355 650 3437 nobis,
675 3361 712 3420 nt
735 3373 808 3422 cnm
832 3359 1011 3441 proventus
1036 3372 1077 3422 ac
1099 3351 1246 3422 redditus

118 3461 253 3542 montis,
279 3461 463 3530 Comitatus
479 3467 512 3528 et
527 3461 703 3530 Districtus
727 3461 872 3548 ipsorum
889 3469 1034 3547 ternpore
1049 3459 1247 3545 donationis,

119 3568 346 3638 concessionis
371 3575 406 3637 et
430 3567 615 3636 traditionis
640 3567 826 3638 huiusmodi
849 3570 995 3638 valorem
1011 3569 1248 3655 quinquaginta

120 3697 307 3747 marcarum
331 3678 460 3760 argenti
485 3697 550 3745 non
575 3679 773 3746 excederent
806 3678 996 3764 annuatim,
1027 3675 1246 3772 donationem,

121 3785 369 3854 concessionem
385 3789 421 3852 et
434 3785 643 3855 traditionem
668 3787 813 3874 easdem,
832 3795 1043 3856 acetabulum
1060 3791 1093 3855 et
1109 3783 1244 3855 ordina-

1 3951 2 3958 ,
120 3893 244 3962 tionem
260 3893 458 3978 huiusmodi,
483 3913 550 3961 non
577 3895 1097 3965 obstantibus·constitutionibus
1115 3899 1245 3963 contra·

119 4000 188 4086 riis,
214 4021 277 4086 que
302 4001 387 4070 inter
410 4003 516 4070 uirum
541 4009 576 4072 et
599 4023 735 4072 uxorem
761 4003 955 4072 donationes
971 4003 1044 4072 fieri
1059 3999 1245 4088 probibent,

118 4111 314 4198 apostolico
331 4118 518 4186 curaremus
534 4114 711 4181 munimine
727 4115 895 4184 roborare.
925 4115 997 4184 Nos
1012 4114 1125 4196 itaque
1140 4109 1247 4179 consi-

1 4211 2 4217 *
119 4221 279 4291 durantes
311 4226 433 4289 attente
466 4215 518 4292 ius
551 4223 716 4308 prohibite
749 4221 941 4292 donationis
971 4220 1155 4292 huiusmodi
1181 4237 1246 4284 uon

118 4347 244 4414 amare,
261 4347 323 4396 nec
339 4335 506 4414 mmquarn
523 4329 610 4399 iuter
625 4329 764 4400 infestos
774 4331 844 4398 tore
856 4329 1072 4413 tractandum,
1089 4327 1150 4396 sed
1165 4333 1246 4396 tam-

1 4435 2 4446 ²
118 4457 218 4520 quarn
235 4437 321 4505 inter
336 4437 480 4507 maximo
490 4438 682 4508 coniunctos
693 4438 823 4524 allecta,
839 4445 874 4506 et
889 4438 994 4507 solam
1009 4437 1163 4504 timentes
1179 4435 1247 4501 luo-

118 4547 219 4635 piam,
238 4547 328 4630 quod
343 4545 491 4632 prolecto
507 4547 551 4614 ad
561 4545 731 4618 donatoris
741 4555 774 4616 et
785 4547 956 4616 donatoris
971 4540 1247 4634 magnificentiam

47 4759 51 4769 ᾗ
118 4675 159 4724 ac
174 4655 255 4726 doni
273 4655 486 4741 exiguitatem
502 4665 654 4741 respectu
669 4659 793 4742 habito,
809 4655 915 4774 locum
932 4654 996 4726 sibi
1011 4676 1077 4726 non
1092 4652 1245 4724 vendicat
