3250 5268
584 382 744 492 ,ΙΨ-

99 583 207 644 nostro
233 576 367 644 Barone
393 576 436 644 ad
462 578 525 645 hoo
550 578 740 663 specialiter
769 578 933 662 depntsto.
956 559 1028 644 Hoc
1053 563 1222 664 expresso,

100 687 183 770 quod
199 705 267 754 uec
293 706 355 756 nos
371 685 555 770 mittemus,
581 707 643 753 nec
668 685 834 773 predictus
860 693 956 772 pater
980 691 1093 755 noster
1117 683 1224 751 mittet

99 800 331 882 procuratores
354 795 407 860 vel
431 799 647 880 promotores,
674 812 731 860 sen
747 795 973 880 propositores
997 789 1223 880 proponenda·

99 923 164 970 mm
181 903 239 968 vel
257 899 516 969 exercendarum
531 901 636 968 litium
654 901 707 966 vel
724 920 918 983 musarum,
946 901 1004 969 sed
1020 900 1221 987 principales

18 997 19 1016 ἶ
99 1031 240 1098 persone
257 1009 382 1078 iactum
398 1015 584 1096 proponant
608 1015 642 1076 et
666 1027 759 1076 snam
786 1008 947 1077 iusticiam
966 1013 1223 1095 prosequautnr;

18 1113 19 1178 t
100 1128 131 1187 ct
144 1139 205 1185 nos
222 1123 259 1185 et
276 1118 362 1186 idem
378 1123 601 1201 paternoster
621 1117 813 1186 carissimus
829 1137 948 1187 causas
968 1117 1154 1206 propositas
1171 1135 1222 1185 se·

18 1233 20 1366 p
101 1225 240 1293 cundum
257 1224 504 1307 racionabilem,
523 1229 558 1290 et
576 1222 793 1311 approbatam
810 1225 915 1312 Regni
930 1222 1034 1292 nostri
1051 1229 1223 1291 consuetu-

18 1373 19 1416 3
102 1335 208 1400 dinem
226 1331 448 1400 indicabimus
464 1337 497 1399 et
512 1329 761 1399 sentencialiter
784 1329 984 1402 dirimemur.
1008 1331 1223 1400 Prnvidentet

101 1441 202 1508 eciam
219 1440 443 1508 subiectorum
459 1445 642 1506 nostrorum
659 1439 839 1508 commodis
856 1441 1038 1524 statuimus,
1057 1444 1094 1507 nt
1109 1458 1223 1508 omnes

18 1595 19 1642 ,
101 1566 197 1615 cause
213 1547 293 1614 hinc
317 1547 396 1615 inde
412 1553 620 1632 emergentes
646 1550 678 1615 in
696 1549 801 1615 tribus
823 1549 971 1617 terminis
996 1548 1222 1617 tantummodo

18 1649 19 1726 s
102 1663 132 1722 et
144 1655 382 1742 conpluribus,
398 1656 555 1724 videlicet
570 1657 603 1722 in
621 1654 1014 1740 mediaQuadragesima,
1034 1657 1067 1722 in
1078 1655 1222 1724 crastino

18 1759 19 1770 ’
100 1763 293 1831 Natiuitatis
309 1763 416 1830 Beate
430 1763 599 1848 Virginis,
625 1770 659 1830 et
674 1763 708 1829 in
724 1763 868 1829 crastino
884 1763 980 1830 Beati
995 1761 1146 1846 Nicolai,
1162 1781 1222 1846 per

18 1877 19 1920 Τ
102 1889 160 1940 noe
176 1878 210 1938 et
225 1889 289 1958 per
312 1872 419 1957 ipsum
435 1871 600 1939 dominum
625 1871 750 1957 Regem
775 1879 902 1956 patrem
927 1877 1073 1939 nostrum
1092 1869 1223 1939 carissi·

103 1999 184 2048 mum
198 1985 382 2047 tractentur
398 1985 433 2045 et
448 1978 658 2061 decidantur,
684 1979 782 2046 modo
799 1977 950 2064 superins
976 1977 1222 2065 comprehenso,

99 2089 234 2175 judiciis
251 2089 285 2153 iu
303 2087 423 2172 quibus
439 2094 550 2174 portes
571 2087 812 2174 condempnate
839 2087 961 2155 inerint
971 2138 979 2171 ,
1006 2088 1075 2157 suis
1093 2088 1222 2156 ordine

18 2193 19 2264 ξ
102 2198 156 2264 riis
172 2197 363 2264 reservatis.
388 2193 471 2261 Item
487 2215 559 2262 cum
576 2195 696 2263 citacio
711 2193 781 2261 fieri
793 2195 903 2281 debet,
919 2194 1044 2261 domini
1060 2201 1222 2263 terrerum

18 2297 19 2322 ³
103 2303 428 2390 scupossessionum,
445 2301 616 2385 officiales,
625 2301 757 2388 judices
769 2323 827 2371 seu
843 2301 959 2388 nilliei‚
975 2323 1039 2370 non
1050 2304 1140 2388 ville,
1156 2323 1222 2371 non

104 2429 224 2492 omnes,
241 2411 295 2476 vei
321 2410 431 2494 plures
447 2408 488 2476 de
507 2409 606 2490 villa,
634 2411 686 2476 vel
705 2411 796 2478 cives
814 2410 949 2479 suntad
970 2409 1133 2496 judicium
1148 2431 1222 2478 ero-

104 2518 196 2585 oaudi
215 2541 223 2582 :
241 2524 276 2583 et
294 2517 379 2601 siqui
406 2517 495 2583 iures
523 2518 576 2582 vei
601 2517 832 2586 malefactores
858 2517 980 2586 fuerint
1005 2519 1165 2587 nominati
1189 2521 1223 2586 in

59 2691 69 2724 Ι
103 2627 185 2692 vitiis
202 2644 263 2692 seu
274 2624 555 2710 possessionibus,
573 2625 692 2707 quibus
702 2631 847 2710 presunt,
863 2625 929 2710 ipsi
944 2627 997 2692 vei
1011 2644 1069 2694 eos
1079 2631 1225 2695 statuent

18 2745 19 2796 1
104 2733 294 2818 injudicio,
319 2734 372 2798 vei
388 2753 447 2818 pro
465 2734 513 2799 eis
532 2732 733 2819 respondere
758 2733 963 2803 tenebuntur.
990 2733 1223 2804 Oretnavimna

18 2817 19 2906 i
105 2842 214 2925 eciam,
231 2843 319 2925 qnod
335 2859 434 2927 super
457 2844 597 2927 populos
614 2843 776 2909 Barouum
798 2845 1001 2912 serveuoium
1018 2845 1141 2912 domini
1157 2845 1223 2912 Re·-

104 2947 162 3033 gis,
178 2947 342 3015 carissimi
367 2949 473 3032 patris
489 2950 616 3032 nostri,
642 2950 766 3016 nuliam
786 2951 958 3018 collectam
982 2951 1117 3018 racione
1141 2951 1223 3017 lucri

106 3058 262 3140 camere,
278 3056 332 3123 vei
349 3052 460 3140 aliquo
476 3063 628 3142 pretextu
652 3057 809 3124 iaciemus
826 3065 883 3124 ant
898 3058 970 3126 fieri
986 3057 1220 3146 permittemus,

18 3197 19 3202 ,
106 3184 161 3231 nec
178 3165 339 3232 victualia
364 3174 421 3232 aut
436 3163 560 3250 aliquid
584 3165 716 3232 nomine
736 3166 927 3234 victualium
954 3165 1141 3252 exigemus,
1168 3173 1225 3233 aut

107 3274 189 3356 exigi
205 3272 379 3357 patiemur.
396 3270 448 3340 Ad
458 3293 540 3359 opns
557 3275 659 3340 eciam
676 3274 777 3340 castri
794 3275 845 3340 vel
857 3281 1034 3344 castrorum
1052 3273 1226 3343 edificandi

106 3383 154 3446 vel
171 3381 430 3449 edificandornm
457 3401 514 3449 eos
530 3401 594 3447 non
619 3383 870 3466 compellemus,
897 3403 958 3451 nec
974 3383 1022 3452 eis
1038 3381 1225 3450 huiusmodi

106 3492 210 3574 operis
227 3511 289 3558 seu
299 3489 419 3557 editicii
429 3490 558 3556 nomine
574 3491 746 3558 collectam
755 3493 898 3576 atiquam
910 3490 1102 3557 indicemus
1122 3491 1224 3556 lives-

107 3597 213 3664 ciones
229 3599 347 3675 eciam,
365 3601 418 3666 vel
433 3603 586 3664 vecturas
603 3597 647 3663 ab
663 3597 712 3664 eis
733 3599 919 3667 nuliatenus
936 3599 1147 3681 requiremus,
1163 3613 1223 3662 neo

108 3704 313 3790 atiquatenus
323 3705 536 3792 imponemus.
544 3705 732 3774 Descensns
744 3704 857 3790 eciem,
865 3725 964 3792 super
974 3705 1113 3792 populos
1123 3704 1225 3770 Baro·

107 3831 175 3878 num
190 3815 244 3881 vel
254 3815 471 3881 serviendium
488 3814 592 3899 ipsius
606 3813 731 3880 domini
747 3813 849 3899 Regis
869 3813 1032 3881 carissimi
1047 3813 1153 3898 patris
1169 3829 1227 3877 no·

108 3923 161 3988 stri
176 3941 242 3989 non
258 3922 414 3988 faciemus
424 3972 432 4005 ,
459 3941 521 3988 nec
541 3922 668 4006 aliquid
683 3920 862 3990 descensus
887 3922 1017 3989 nomine
1036 3921 1226 4005 exigemus,

108 4029 163 4095 sed
177 4029 205 4096 si
215 4030 395 4096 casualiter
404 4031 438 4096 in
456 4029 545 4098 villis
563 4029 746 4112 aliquorum
756 4030 919 4096 Baronnm
935 4031 986 4096 vel
1004 4028 1222 4095 serviencium

109 4136 206 4221 ipsius
230 4137 358 4204 domini
373 4139 474 4223 Regis
491 4135 595 4222 patris
610 4135 713 4203 nostri
735 4135 936 4203 descendere
963 4156 1023 4204 nos
1046 4135 1225 4216 contingat,

107 4245 269 4329 victualia,
280 4244 400 4327 fenum,
413 4244 572 4311 stramina
580 4250 612 4308 et
623 4243 726 4328 ligna,
737 4244 808 4311 sine
818 4243 935 4328 quibu
946 4261 1020 4310 esse
1031 4263 1099 4311 non
1112 4257 1226 4326 possu-

108 4371 185 4437 mus,
201 4352 245 4420 ad
261 4355 392 4437 pienum
418 4351 643 4438 persolvemus
670 4358 703 4417 et
718 4351 860 4436 persolvi
876 4350 1045 4416 iaciemus.
1071 4352 1225 4418 ceterum

110 4457 136 4522 si
151 4459 270 4544 aliquis
286 4459 451 4527 Baronum
478 4465 662 4526 nostrorum
679 4462 797 4524 contre
822 4455 1062 4523 ordinacionem
1078 4461 1224 4524 nostram

111 4583 201 4650 super
224 4569 366 4654 populos
393 4576 451 4635 ant
467 4567 565 4634 villas
591 4567 755 4633 Baronum
774 4582 832 4630 seu
857 4563 1074 4633 serviencium
1102 4561 1227 4632 domini

113 4671 205 4757 iie'gis
221 4675 327 4761 patris
343 4677 444 4742 nostri
460 4675 654 4743 descensum
670 4671 806 4758 iecerit,
833 4691 1012 4762 expensam
1029 4671 1147 4740 iactum
1173 4651 1227 4738 red
