3250 5268
354 1178 378 1245 I
382 1177 417 1244 V.
436 1177 543 1246 Orbdn
552 1180 647 1266 pepo
663 1177 859 1258 intdekodeee,
869 1175 1068 1265 bopyEndro
1078 1173 1214 1262 popriule
1230 1196 1252 1238 a
1266 1170 1477 1258 aadleoefebtr-

484 1287 556 1351 odn'
569 1285 788 1373 deputandae
801 1285 1007 1372 kanonolescip
1024 1283 1214 1350 udattomek.
1240 1283 1338 1347 1264.

449 1481 617 1550 -Urbanus
633 1482 817 1569 Episcopus
841 1487 905 1551 ete.
931 1481 1053 1550 dileoto
1068 1477 1137 1550 filio
1154 1528 1162 1544 .
1180 1527 1187 1546 .
1205 1479 1403 1565 ‚Proposito
1421 1477 1481 1543 Eo-

358 1588 460 1656 olesie
484 1588 721 1683 Strigoniensis
737 1595 799 1656 eto.
816 1587 867 1657 De
883 1587 1005 1656 dilecto
1021 1587 1088 1655 filio
1103 1586 1236 1654 Andrea
1252 1587 1383 1670 elerioo,
1400 1591 1480 1654 nato

358 1698 470 1766 dileoti
486 1695 545 1766 filii
560 1697 692 1768 Andreo
718 1698 760 1765 de
775 1697 987 1797 lleniisolaiei
1004 1695 1242 1782 strigoniensis
1260 1693 1426 1780 Diooesis,
1442 1695 1477 1761 in

355 1809 444 1873 etbte
460 1811 575 1874 tenera
591 1805 790 1891 constituto,
816 1804 911 1872 nobis
929 1803 1025 1872 datur
1040 1803 1190 1888 intelligi,
1215 1801 1303 1886 quod
1324 1801 1399 1888 ipse
1417 1800 1482 1867 Do-

354 1913 442 1981 mino
458 1911 670 1996 eoncedente,
688 1915 792 1980 virum
808 1909 990 2000 produeere
1015 1909 1136 1980 debeat
1152 1911 1297 1980 moribus
1313 1907 1483 1998 placidum
1616 1951 1619 1954 -

355 2025 389 2089 et
403 2021 543 2090 seientia
558 2021 759 2106 gratiosum:
776 2019 856 2087 hine
884 2025 954 2104 est,
980 2017 1067 2104 quod
1091 2038 1152 2086 nos
1177 2039 1253 2086 eum
1267 2021 1402 2105 propter
1418 2015 1483 2084 noe

354 2128 504 2222 gratiose
519 2127 673 2216 prosequi
688 2145 729 2194 ao
746 2126 972 2195 favorabiliter
988 2125 1197 2194 intendentes
1214 2125 1408 2194 diseretioni
1424 2129 1482 2191 tue

353 2233 560 2318 mandamus,
576 2241 740 2320 quatenus
756 2233 913 2301 alericum
929 2235 1036 2320 ipsum
1053 2253 1113 2319 per
1129 2239 1164 2300 te
1179 2233 1232 2301 vel
1248 2253 1308 2320 per
1324 2233 1427 2300 alium
1445 2232 1481 2298 in

354 2343 508 2412 Eoelesia
531 2343 670 2410 Albensi
689 2339 943 2428 Vesprimiensis
968 2341 1120 2410 Dioeesis
1145 2342 1340 2411 auctoritate
1365 2346 1484 2408 nostra

353 2451 458 2538 reoipi
474 2448 580 2520 saeua
595 2448 848 2520 mennonium
864 2455 898 2518 et
913 2450 947 2516 in
964 2449 1109 2536 fratrem,
1126 2449 1222 2534 eique
1238 2449 1419 2536 provideas
1436 2445 1480 2516 de

353 2557 533 2644 prebenda,
559 2558 589 2626 si
613 2565 713 2626 raeat
729 2557 854 2626 ibidem
869 2555 914 2624 ad
928 2575 1077 2644 presens,
1093 2556 1148 2626 rel
1164 2559 1421 2646 quamprimum
1437 2556 1484 2624 ad

353 2667 388 2735 id
405 2664 559 2736 obtulerit
573 2685 611 2735 se
628 2665 791 2735 laeultasz
808 2666 1038 2734 nonobstante
1056 2671 1180 2734 statuto
1205 2666 1248 2734 de
1274 2672 1364 2735 eorto
1382 2686 1485 2734 eano-

252 2845 256 2856 ,
353 2775 498 2843 nieorum
513 2793 647 2843 numero
671 2773 863 2854 iuramento,
888 2772 1137 2842 confirmatione
1162 2773 1261 2844 Sedis
1286 2773 1484 2860 Apostolioe

353 2889 411 2950 aut
425 2883 492 2951 alia
509 2883 659 2966 qualibet
687 2879 841 2950 firmitate
867 2881 1013 2968 vallato,
1040 2901 1099 2951 sou
1123 2882 1212 2951 siin
1237 2881 1391 2950 Eoelesia
1406 2881 1485 2967 ipsa

354 2998 432 3060 sunt
446 2991 551 3076 aliqui
566 2997 680 3059 nostra
696 2992 750 3058 vel
776 2991 844 3058 alia
869 2991 985 3076 quavis
1010 2992 1205 3060 auctoritato
1221 2992 1358 3080 reoepti,
1375 2992 1432 3059 rel
1447 2997 1486 3056 ut

295 3142 299 3151 ι
352 3099 552 3186 recipientur
575 3099 740 3182 insistant,
768 3099 885 3183 quibus
910 3099 1109 3168 auotoritate
1135 3099 1338 3186 presentium
1354 3099 1485 3166 nulluin

352 3205 503 3276 volumus
518 3203 734 3293 preiudieium
750 3205 922 3292 generari5
949 3211 1005 3274 aut
1021 3205 1051 3275 si
1067 3207 1198 3274 dileetio
1224 3206 1301 3275 filiis
1328 3205 1485 3294 Capitulo

352 3313 499 3382 eiusdem
515 3313 665 3382 Euolesie
681 3313 736 3380 rel
751 3313 917 3397 aliquibus
933 3314 1010 3382 aliis
1021 3315 1138 3382 aSede
1154 3314 1305 3400 prediola
1320 3313 1484 3382 indultum

352 3419 486 3506 existat,
503 3420 593 3505 quod
609 3419 655 3488 ad
670 3422 892 3507 reoeptionem
908 3424 961 3491 vel
986 3423 1209 3509 provisionem
1234 3425 1376 3492 alieuius
1394 3443 1483 3490 eom·

351 3529 443 3615 pelli,
460 3533 518 3596 aut
533 3527 819 3614 exeommunieari‚
844 3529 1003 3616 suspendi
1018 3532 1072 3598 vel
1087 3530 1240 3600 interdioi
1254 3551 1322 3598 non
1337 3529 1485 3618 possint,

353 3634 408 3702 vel
424 3637 513 3718 quod
528 3635 614 3704 elius
631 3640 773 3721 nequeat
797 3635 838 3704 de
862 3637 1038 3722 prebendis
1055 3639 1205 3707 eiusdem
1221 3639 1390 3723 aliquibus
1405 3657 1483 3724 pro·

355 3737 468 3810 videre
492 3763 550 3828 per
573 3741 700 3812 litteras
714 3743 925 3831 Apostolieas
951 3767 1018 3818 non
1045 3747 1208 3816 laoientes
1221 3747 1358 3834 plenam
1373 3752 1408 3814 et
1424 3765 1482 3814 ex-

350 3863 502 3932 pressam
518 3869 558 3916 ae
575 3847 619 3917 de
634 3851 735 3919 verbo
760 3852 805 3918 ad
831 3853 965 3920 verbum
982 3854 1023 3922 de
1039 3854 1165 3923 indulto
1192 3852 1378 3922 huiusmodi
1393 3870 1484 3920 men·

350 3952 485 4040 tionem,
501 3975 560 4024 seu
576 3956 647 4024 alia
661 3957 810 4041 qualibet
825 3959 929 4043 ipsius
945 3961 1044 4030 Sedis
1069 3963 1285 4048 indulgentia,
1301 3981 1362 4048 per
1379 3980 1482 4044 quam
1621 3949 1622 3962 ¹

351 4057 486 4130 effeetus
503 4065 665 4148 presentis
680 4065 786 4151 gratie
802 4065 954 4152 impediri
969 4071 1081 4139 valeat
1096 4073 1149 4138 rel
1166 4071 1301 4138 differri,
1333 4069 1476 4138 Contra·

350 4163 494 4238 dietores
520 4173 582 4239 eto.
608 4173 731 4240 Datum
753 4172 842 4258 apud
877 4173 1000 4244 Urbem
1024 4179 1177 4248 Veterem
1201 4179 1245 4249 Il.
1273 4181 1349 4248 Kal.
1382 4181 1476 4268 Maii,

349 4267 577 4354 (Pontifioatus
592 4277 712 4366 nostri)
727 4299 814 4349 anno
830 4281 939 4349 tertio.
993 4265 1002 4292 ‘

434 4538 435 4549 Ν
457 4421 1255 4528 (1v.01btnpspa1eegesttibo1,unemertumus
1268 4461 1330 4520 aer.
1344 4464 1378 4536 u)

777 4655 1040 4670 *mm—„d
