3248 5274
116 1203 232 1270 Metios
247 1207 279 1268 de
294 1204 451 1298 Adorp’do,
467 1203 592 1268 Lokdcc
608 1203 798 1289 ladnyaioalc
817 1201 919 1288 fcip'ee'
942 1223 1019 1266 ozon
1032 1198 1150 1286 stimet,
1168 1221 1228 1264 me·

117 1311 176 1397 [yet
184 1309 358 1396 feleadpcile
372 1314 450 1374 tetdo
466 1311 684 1397 lcdaynepyed‚
711 1311 810 1376 tactor
825 1313 855 1375 de
869 1308 1082 1396 jeppajdrtdok
1100 1306 1228 1394 sejdban
1350 1391 1355 1402 ·

115 1418 250 1503 oporiet,
267 1417 423 1504 beoalljdlc
438 1440 458 1480 a
473 1417 562 1504 edpdi
584 1419 715 1485 keccam
739 1419 810 1484 eldtt
831 1419 921 1482 Peto·
947 1417 1113 1505 iapdonak,
1141 1415 1231 1481 Mitt

544 1526 669 1611 fidcak.
692 1529 788 1592 1272.

224 1726 425 1794 Laurencins
442 1726 562 1794 Dinina
585 1727 802 1797 miseracione
817 1728 1005 1812 Prepositus
1021 1725 1155 1794 fratrum
1171 1725 1229 1794 Or·

117 1835 201 1900 dinis
215 1834 527 1902 Promonstratensis
544 1834 586 1902 de
601 1836 703 1920 Saag,
719 1841 752 1904 et
768 1836 885 1904 fratres
912 1835 1059 1902 eiusdem
1083 1835 1230 1903 Conuen-

117 1951 167 2010 tns
194 1941 354 2008 vninersis
380 1940 585 2026 presentibus
610 1948 643 2008 et
667 1941 783 2010 futuris
807 1943 1009 2028 presencium
1035 1941 1231 2028 inspecturis

118 2055 257 2122 salntem
283 2055 316 2123 in
342 2051 483 2119 omnium
508 2052 683 2120 saluatore.
711 2053 889 2137 Vniuersis‚
917 2051 1033 2136 quibos
1058 2058 1231 2139 presentes

118 2163 292 2247 patuerint,
309 2159 378 2228 fieri
395 2161 544 2226 nolumus
560 2161 779 2246 manifestum,
796 2161 883 2244 qnod
905 2161 1101 2228 accedentes
1117 2161 1162 2228 ad
1177 2181 1232 2228 no·

117 2279 217 2338 stram
234 2271 436 2356 presenciam
452 2271 576 2356 Mykou
592 2269 635 2336 dc
650 2269 783 2338 Bechlre
795 2272 972 2338 auunculus
982 2269 1122 2337 filiarum
1132 2272 1232 2356 Luce,

116 2381 271 2447 Nicolans
286 2378 371 2446 filins
386 2380 522 2464 Nemea,
538 2385 572 2446 et
587 2377 749 2448 Adrianus
774 2378 859 2446 filins
883 2379 1013 2447 Nicolai
1041 2382 1082 2448 de
1108 2381 1231 2448 Herus·

118 2508 185 2572 sou,
202 2489 309 2556 mariti
326 2489 529 2566 earumdem,
544 2497 793 2575 proposuerunt,
812 2490 899 2574 quod
924 2497 1045 2558 terram
1071 2489 1123 2557 adw
1138 2510 1231 2560 nsum

117 2599 211 2664 nnius
228 2596 327 2663 aratri
344 2595 569 2680 sufficientem,
588 2616 682 2680 qnam
700 2617 760 2683 pro
776 2604 895 2683 quarta
911 2600 975 2665 iarn
992 2599 1149 2666 dictarum
1165 2619 1232 2666 mu·

117 2707 239 2786 liernm,
259 2711 291 2771 et
307 2724 366 2789 pro
383 2703 470 2788 dote,
486 2725 527 2770 ac
543 2725 603 2790 pro
619 2705 714 2772 rebus
741 2707 1004 2791 parofernolibns
1029 2707 1156 2774 maritis
1182 2727 1234 2774 ea·

118 2814 267 2880 rumdem
283 2813 325 2879 de
341 2819 429 2878 terra
444 2811 647 2880 hereditaria
661 2816 749 2880 Luce
774 2813 942 2882 memorati
967 2836 989 2882 a
1013 2815 1128 2882 relicta
1152 2815 1235 2883 eins·

117 2922 191 2988 dem
209 2927 242 2986 et
256 2920 422 2988 Abraham
439 2919 505 2986 filio
526 2921 669 2988 eiusdem
687 2921 800 2989 ordine
827 2923 999 2990 iudiciario
1024 2924 1233 3008 acquisierant,

7 3089 9 3106 ‚
119 3049 182 3113 que
199 3029 329 3113 quidem
344 3035 432 3094 terra
446 3027 533 3094 iacet
549 3030 641 3096 iaxta
657 3027 789 3096 flnnium
806 3031 951 3115 Kynrtns
977 3032 1019 3099 ab
1036 3032 1170 3116 oriente,
1188 3032 1235 3099 in·

118 3141 168 3206 fra
194 3140 435 3224 possessionem
463 3137 552 3203 Petri
577 3137 712 3206 Comitis
753 3137 812 3224 iilij
838 3139 979 3226 Mykou,
1005 3139 1234 3208 uendidissent

118 3250 213 3314 Petro
230 3245 349 3316 coniti
365 3247 430 3312 iam
447 3246 535 3312 dicto
550 3267 609 3333 pro
626 3255 763 3329 quatuor
779 3248 899 3314 marcis
921 3247 1047 3316 decime
1071 3247 1231 3316 conbusti·

118 3358 189 3424 onis
204 3361 362 3442 perpetuo
378 3355 622 3441 possidendam,
639 3363 672 3421 et
687 3355 831 3440 precium
850 3363 940 3422 terre
957 3355 1101 3442 predicte
1119 3357 1162 3422 ab
1179 3377 1230 3424 eo-

118 3467 192 3534 dem
209 3464 305 3549 plene
320 3465 539 3550 recepissent3
557 3469 804 3544 assummentes,
821 3473 855 3530 nt
870 3464 1138 3550 siqnisprocessu
1155 3471 1235 3530 tem-

117 3575 208 3660 poris
242 3575 277 3640 P.
303 3574 461 3642 Comitem
488 3573 712 3659 supradictum
737 3575 927 3659 impeteret,
959 3574 1022 3660 ipsi
1047 3580 1233 3640 tenerentur

119 3685 267 3752 eumdem
294 3682 464 3769 expedire.
491 3684 528 3748 In
554 3683 646 3750 cuins
672 3685 721 3749 rei
745 3683 934 3750 memoriam
959 3689 992 3749 et
1017 3683 1236 3751 testimoninm

118 3799 288 3879 presentes
303 3793 429 3860 litteras
450 3792 673 3860 concessimus
689 3793 784 3859 Petro
800 3791 919 3861 (inmiti
930 3810 1009 3878 sepe
1020 3792 1108 3859 dicto
1125 3791 1234 3875 sigillo

120 3909 229 3968 nostro
255 3902 439 3986 sigillatas,
463 3920 550 3967 anno
586 3899 757 3968 Dominice
783 3901 1026 3969 incarnacionis
1061 3898 1236 3967 millesimo

119 4009 341 4079 ducentesimo
358 4009 608 4098 septuagesimo
625 4009 782 4077 secundo.

431 4155 460 4220 A
548 4157 574 4218 B
666 4154 691 4221 G
781 4153 810 4219 D
903 4151 930 4218 Ε

228 4355 339 4423 Jeppnct.
366 4347 564 4422 Biirhdrtydra
586 4349 652 4406 iroct
673 4353 795 4405 meteret
815 4343 904 4418 level,
927 4345 1072 4420 mellynek
1093 4343 1240 4417 relnajtotc

125 4440 335 4498 hasaddlraibdi
347 4441 459 4498 codrott
470 4439 552 4498 fehdr
565 4439 719 4534 selyemrdl
732 4438 847 4512 feggotc
861 4436 978 4510 pecsdte
1000 4437 1098 4494 eltiint.
1121 4436 1148 4492 A
1170 4433 1239 4494 kek-

126 4533 173 4587 kiii
183 4529 384 4590 levdltdrban:
398 4530 459 4587 AL.
470 4551 497 4587 n.
509 4532 552 4586 12.
566 4535 647 4600 Erdp.
