3270 5280
918 320 962 389 42

937 413 1011 421 aue-—

371 526 421 584 est
437 523 521 584 retro
538 523 679 583 montem
696 517 836 602 Preboy,
854 523 887 582 et
903 537 963 602 per
979 517 1069 584 ilium
1086 514 1193 582 luoum
1205 515 1381 586 descendit
1396 537 1502 602 usque

371 625 405 690 in
421 623 552 690 fluuium
569 623 687 708 Geron,
714 631 747 691 et
763 625 966 693 transeundo
987 624 1094 710 ipsum
1111 620 1242 691 fluuium
1259 625 1411 693 aseendit
1426 645 1500 692 ver·

371 751 428 798 rus
445 733 600 798 orientem
617 749 721 815 usque
736 733 780 798 ed
796 733 936 800 riuulnm
952 731 1007 815 qui
1029 729 1148 798 dieitur
1163 731 1344 816 profundus
1368 731 1500 816 fluuius,

374 845 407 906 et
422 836 572 906 aseendit
588 855 692 919 usqne
708 836 751 905 ed
767 846 866 924 eaput
881 835 1026 924 ejusdem
1040 833 1140 920 fluuii,
1158 843 1190 904 et
1200 834 1243 904 de
1254 839 1368 908 eodem
1384 859 1500 908 esnen-

373 942 424 1012 dit
440 963 542 1028 usque
558 942 600 1011 ud
618 962 774 1012 esonmen
790 943 922 1029 montis,
934 951 966 1013 et
977 943 1149 1011 deseendit
1165 965 1221 1029 per
1236 947 1393 1016 vertioem
1409 965 1500 1013 mon·

373 1053 416 1120 tis
426 1052 684 1138 ejusdemvsque
694 1053 738 1121 ed
747 1052 879 1122 fluuium
887 1053 1246 1138 Muleohenominetum,
1254 1060 1288 1122 et
1298 1055 1501 1124 transeundo

377 1159 514 1229 eundem
541 1158 673 1228 fluuinm
698 1159 846 1229 aseendit
867 1162 969 1230 ultum
994 1167 1147 1248 montem,
1165 1163 1222 1248 qni
1238 1168 1289 1232 est
1305 1182 1426 1232 versus
1442 1162 1500 1228 flu-

375 1269 464 1334 uium
480 1269 641 1345 Mulsohe‚
658 1275 691 1336 et
706 1267 878 1336 deseendit
889 1270 932 1337 de
942 1269 1056 1336 eodem
1073 1277 1183 1340 monte
1198 1289 1301 1355 usque
1318 1271 1351 1337 in
1366 1268 1501 1336 fluuium

382 1375 509 1460 Gor0n3
527 1376 622 1443 stibi
638 1382 688 1442 est
704 1375 844 1460 quedem
855 1377 973 1454 insuia,
989 1378 1080 1446 etde
1095 1376 1211 1445 eudem
1228 1378 1338 1444 insule
1351 1373 1507 1445 escendit

375 1503 478 1568 reque
495 1483 693 1550 edaeriuulum
710 1483 843 1551 Oelnioe
859 1487 1131 1570 prenominatum,
1156 1493 1189 1554 et
1213 1485 1259 1551 ibi
1274 1485 1500 1552 terminantur.

376 1591 419 1658 vt
436 1590 534 1675 igitur
560 1597 670 1658 nostre
699 1591 894 1658 oolleoionis
919 1592 1022 1660 series
1049 1593 1146 1659 robur
1172 1591 1318 1659 obtineat
1343 1597 1502 1676 perpetue

375 1697 546 1783 firmitatis,
572 1717 633 1764 neo
657 1700 762 1784 possit
787 1719 945 1785 processu
971 1708 1153 1786 temporum
1178 1719 1237 1785 per
1262 1699 1452 1784 quempiam
1467 1699 1500 1765 in

376 1805 501 1872 irritum
516 1807 699 1891 retraetari,
716 1813 886 1891 presentes
904 1807 1009 1876 eidem
1026 1808 1174 1876 dedimus
1191 1808 1318 1875 litteras
1334 1807 1499 1893 dupplieis

378 1912 479 1999 sigilli
496 1915 598 1982 nostri
618 1915 792 1983 munimine
809 1913 992 1984 roboratas.
1010 1914 1129 1982 Datum
1146 1934 1205 2000 per
1221 1934 1336 1982 manus
1352 1913 1500 1999 magistri

377 2021 524 2088 Forensii
541 2021 773 2106 Zegrobiensis
790 2023 907 2105 Electi,
930 2025 1004 2092 aule
1020 2029 1129 2092 nostre
1145 2023 1438 2091 Vionenoellerii
1453 2023 1501 2090 ‹li-

376 2130 455 2198 leoti
466 2138 499 2196 et
507 2129 613 2197 fidelis
629 2131 742 2214 nostri,
754 2149 839 2197 enno
849 2131 980 2199 Domini
996 2130 1170 2198 millesimo
1187 2131 1407 2200 ducentesimo
1425 2149 1500 2198 sex·

376 2239 522 2322 agesimo
543 2237 655 2322 terrio,
680 2238 785 2324 Regni
811 2242 921 2306 eutem
944 2238 1046 2306 nostri
1073 2238 1342 2324 annovigesimo
1368 2244 1499 2306 oeteuo.

376 2411 657 2486 (Besrtercuebtnye
668 2413 839 2472 verorum
850 2416 903 2472 tir.
913 2414 999 2474 fluens
1012 2415 1088 2471 elien
1106 2411 1242 2471 heorutlt
1261 2405 1503 2508 permelleklete.)

818 2695 1063 2708 ...n-num

865 3115 964 3248 ‘³22

377 3346 489 3414 Morte
505 3343 656 3432 kirdlyne
681 3343 860 3430 udomdnyo
886 3364 907 3407 o
924 3340 1162 3431 pannoniam
1184 3344 1320 3430 opdtrdq
1335 3337 1505 3430 [summ.

890 3449 987 3515 1263.

486 3629 590 3699 iteris
614 3625 679 3696 Dei
704 3626 821 3713 grenio
846 3626 974 3711 Regino
999 3627 1167 3711 Hnngerie
1193 3626 1356 3696 uniuersis
1380 3629 1503 3698 Christi

378 3737 529 3808 fidelibus
554 3753 690 3824 presens
714 3733 870 3821 seriptum
902 3733 1098 3818 inspecturis
1129 3733 1267 3801 salutem
1300 3736 1333 3802 in
1359 3737 1503 3804 omniurn

383 3846 568 3914 Seluetore.
599 3841 651 3912 Ad
676 3841 901 3909 uniuersorum
922 3838 1077 3908 noticiam
1093 3845 1161 3907 tem
1178 3843 1386 3927 presencium
1403 3863 1504 3929 quum

378 3951 557 4020 futurorum
573 3951 687 4019 herum
704 3949 790 4018 serie
800 3948 951 4016 uolumus
961 3945 1145 4034 peruenire,
1162 3951 1247 4032 quod
1265 3969 1337 4018 enm
1353 3952 1505 4024 dominus

317 4131 321 4136 ,
380 4061 451 4128 Rex
467 4059 508 4126 de
524 4056 724 4126 Monesterio
750 4056 862 4124 Senoti
887 4055 1019 4124 Martini
1035 4058 1075 4122 de
1090 4056 1192 4125 Seoro
1207 4057 1317 4126 Monte
1333 4059 1505 4128 Pannonio

380 4176 524 4239 oestrum
539 4166 675 4256 Kysein,
701 4165 789 4250 quod
814 4173 899 4230 nune
915 4165 1028 4252 Vyuer
1045 4170 1258 4252 nuncupetur,
1276 4163 1457 4251 recepisset
1471 4171 1505 4236 et

379 4279 414 4347 in
430 4275 656 4345 eonoumbinm
682 4269 827 4341 eiusdem
853 4271 952 4339 nestri
978 4271 1085 4340 eidem
1112 4273 1311 4341 monisterio
1330 4273 1505 4360 prouidere

378 4390 551 4462 teneretur,
568 4388 601 4450 et
616 4399 676 4449 nou
693 4381 797 4448 eeienr
818 4381 860 4447 nb
877 4380 992 4446 eodem
1014 4379 1213 4450 Monnsterio
1230 4400 1289 4467 pro
1308 4382 1503 4465 quibusdem

378 4489 632 4560 necessitutibus
656 4489 778 4556 nostris
807 4488 997 4572 urgentibus
1014 4488 1219 4572 ootingentes
1235 4506 1364 4556 meroes
1381 4485 1439 4554 fini
1454 4507 1505 4558 ur·

379 4599 470 4683 genti
494 4597 720 4683 reoeperimus,
746 4604 779 4663 et
805 4601 919 4663 contre
936 4597 1001 4663 viur
1029 4595 1318 4682 Terterorum'pro
1335 4596 1502 4667 nobilibus
