3230 5268
832 407 996 521 ..3⁶9-

358 611 434 686 tanr,
450 617 548 689 quom
562 603 679 674 Petrus
693 603 778 674 ilius
794 605 888 674 Pauli
902 605 988 674 inter
1002 605 1087 674 olim
1103 603 1303 676 donationes
1319 625 1399 678 sues
1413 625 1474 695 pro

359 713 505 783 remedio
520 714 629 782 anime
644 733 702 783 soe
720 715 761 783 de
786 733 948 785 oousensu
972 722 1185 800 cognatorum
1210 735 1341 786 suorum
1364 717 1498 804 predi·-

360 828 485 893 otornm
499 823 698 894 monasterio
727 823 769 894 de
793 825 866 894 Puk
890 824 1090 912 contulerat,
1114 823 1320 894 vendidisset
1344 824 1474 912 prelato

358 930 516 1018 megistro
539 932 729 1001 Alexandro
755 951 816 1020 pro
847 933 1086 1020 qninquaginta
1115 933 1237 1001 mareis
1269 933 1476 1003 denariorum

358 1040 588 1110 Viennensium
613 1039 725 1110 deoem
750 1042 861 1131 pensis
885 1063 947 1129 pro
973 1043 1119 1128 quolibet
1143 1061 1252 1108 maroa
1268 1043 1475 1128 eomputatis,

359 1169 432 1219 oum
449 1149 564 1238 syluis,
581 1148 688 1219 teneto
716 1156 751 1221 et
767 1151 915 1220 omuibus
930 1150 1126 1218 utilitatibus
1141 1149 1210 1219 suis
1225 1155 1383 1240 perpetuo
1399 1169 1476 1238 pos·

358 1256 538 1346 sidendam,
554 1265 588 1328 et
603 1259 690 1346 quod
714 1257 850 1329 eandem
873 1261 1048 1346 peouniam
1075 1257 1222 1346 plenarie
1237 1261 1418 1348 reoepisset
1434 1260 1476 1328 ab

359 1366 484 1452 eodem,
500 1367 552 1436 oui
566 1369 671 1437 eoism
686 1367 872 1438 venditioni
882 1370 956 1456 jum
973 1367 1051 1436 dieti
1067 1369 1198 1454 patroni
1213 1387 1409 1438 eonsensum
1419 1369 1477 1436 ad·

357 1473 534 1545 hibuerunt
548 1474 736 1565 liberalem3
760 1483 794 1545 et
810 1475 1013 1544 ronunoiauit
1028 1477 1116 1545 idern
1129 1477 1321 1566 Propositus
1336 1477 1478 1564 priuile-

358 1584 412 1672 gio
428 1589 541 1652 nostro
556 1602 656 1671 snper
670 1585 904 1653 donooionibus
920 1585 1008 1654 dioto
1024 1587 1120 1652 Petro
1138 1591 1298 1671 emanalo,
1320 1593 1479 1670 quantum

361 1695 406 1764 od
422 1693 666 1782 possessionem
681 1691 861 1780 Gyormath
875 1699 1096 1781 memoratam,
1113 1695 1214 1764 saluis
1231 1695 1305 1762 aliis
1331 1695 1479 1763 ortioulis

357 1803 393 1871 ln
409 1803 524 1871 eodem
538 1801 710 1890 priuilegio
726 1803 906 1889 eontentis3
923 1802 1059 1890 iusuper
1074 1801 1178 1869 osiam
1194 1803 1296 1871 cessit
1311 1809 1343 1870 et
1358 1820 1479 1870 rennu-

363 1911 463 1981 oiooit
478 1910 628 1980 omnibus
645 1915 677 1980 et
693 1910 834 1995 singulis
849 1911 984 1979 litterius
1000 1911 1034 1976 in
1050 1911 1155 1994 figura
1166 1911 1283 1997 judieii
1309 1931 1411 1999 super
1426 1931 1479 1980 eo·

359 2021 431 2088 dem
447 2021 658 2107 possessione
673 2024 790 2088 oontro
807 2019 942 2088 eundem
967 2019 1189 2088 Alexandrum
1204 2021 1399 2107 impetratis,
1416 2038 1480 2106 qne

321 2125 323 2131 ⁴
356 2145 452 2198 oasse
467 2133 500 2193 et
524 2127 656 2195 inutiles
685 2127 910 2209 habebuntur,
936 2127 1118 2211 ubieunque
1143 2129 1264 2196 inerint
1279 2134 1479 2214 presentato.

358 2237 506 2308 Predieti
517 2235 622 2303 esiam
637 2235 766 2303 nobiles
782 2236 1056 2303 renunoiauerunt
1068 2235 1145 2320 juri,
1162 2236 1191 2303 si
1208 2235 1294 2319 quod
1305 2236 1434 2304 eisdem
1444 2235 1478 2304 in

360 2346 476 2415 eadem
499 2344 709 2430 possessione
734 2349 919 2430 oompetere
942 2343 1122 2428 videbatur,
1148 2352 1216 2410 tem
1240 2347 1372 2412 raoioue
1393 2345 1480 2430 juris

359 2453 558 2538 hereditarii,
569 2473 667 2538 quarn
679 2453 782 2522 seiam
798 2457 1001 2539 potronatus.
1017 2453 1112 2524 Unde
1129 2454 1215 2521 idem
1231 2456 1389 2537 magister
1404 2456 1477 2522 Ale

358 2561 483 2632 xonder
498 2581 597 2648 super
612 2560 795 2630 huiusmodi
812 2569 982 2633 eontraotn
997 2563 1126 2630 littores
1142 2570 1273 2631 nostras
1289 2563 1480 2649 priuilegio·

357 2673 406 2740 les
431 2673 495 2740 sibi
522 2672 594 2740 deri
617 2673 806 2760 postulabat
831 2697 839 2738 ε
865 2672 924 2742 sed
948 2673 1182 2761 superueniens
1208 2673 1341 2741 domino
1364 2673 1481 2740 reliotn

359 2779 490 2866 Ughud,
506 2780 620 2848 fratris
637 2780 783 2866 ejusdem
799 2781 945 2865 magistri
961 2779 1152 2866 Alexandri,
1168 2782 1335 2866 prohibuit
1359 2787 1393 2849 et
1406 2802 1481 2850 oon-

363 2887 497 2960 trsdixit
517 2889 730 2978 protestando
757 2896 790 2956 et
815 2888 964 2976 dioeudo,
981 2891 1070 2973 quod
1095 2889 1259 2960 medietas
1286 2891 1390 2977 ipsius
1407 2909 1480 2978 pos·

360 3000 516 3070 sessionis
538 2996 604 3066 filio
619 3017 679 3067 suo
694 2995 814 3085 Ughud
835 3004 1035 3086 competeret
1049 2999 1094 3066 ad
1110 2999 1293 3086 emendum,
1310 3001 1398 3086 quod
1413 3006 1481 3066 tom

361 3105 449 3176 idem
468 3105 667 3194 Alexander,
693 3127 790 3192 quom
814 3107 954 3196 predioti
977 3109 1108 3193 patroni
1123 3109 1158 3176 iu
1182 3111 1286 3177 nostrl
1310 3111 1482 3196 presentia

361 3216 595 3303 oonoodebant,
621 3218 651 3285 si
675 3215 882 3286 medietatem
907 3221 1066 3304 pecunie,
1095 3238 1155 3304 pro
1181 3239 1246 3304 que
1269 3216 1344 3306 ipsa
1368 3237 1482 3306 poses-

360 3325 408 3394 sio
425 3325 470 3394 ad
492 3325 715 3395 Alexandrum
730 3333 940 3395 memoratum
950 3332 1000 3396 est
1010 3326 1196 3413 deuolunto,
1209 3327 1482 3396 refunderetAle·

359 3432 484 3502 xsndro
508 3439 691 3520 prenoteto.
708 3433 776 3502 Sed
791 3435 907 3504 eadem
932 3433 1063 3503 domina
1087 3454 1148 3503 neo
1173 3437 1384 3504 iustoutauee
1408 3457 1482 3524 per·

361 3542 469 3628 soluit,
493 3561 557 3611 neo
581 3541 626 3610 ad
649 3541 844 3610 soluendum
858 3540 1030 3612 terminum
1055 3543 1245 3630 assumpsit.
1277 3545 1374 3612 Vnde
1398 3544 1480 3631 ipsis

355 3652 467 3720 taliter
482 3649 763 3720 oontendentibus
789 3649 965 3720 dedendis
995 3650 1113 3718 litteris
1139 3651 1259 3722 nostris
1288 3651 1478 3740 priuilegio

357 3761 444 3828 libus
466 3757 719 3846 supersedimus,
730 3757 833 3827 donee
841 3759 985 3845 ipsorum
1002 3759 1172 3829 oontonoio
1183 3759 1350 3846 sepiarum
1366 3761 1473 3830 medio

358 3873 469 3935 autom
491 3874 636 3955 tempore
651 3866 727 3952 ipsa
740 3872 828 3935 terre
844 3867 934 3952 apud
953 3866 1174 3936 Alexandrum
1198 3868 1357 3936 remansit
1370 3869 1473 3956 possi·

359 3975 444 4044 dend
454 3994 483 4042 e.
500 3974 622 4043 Datum
637 3972 722 4042 ieris
731 3979 827 4043 sexto
841 3981 918 4044 ante
937 3974 1053 4044 festum
1068 3976 1192 4044 Thone
1207 3979 1371 4065 Apostoli,
1387 3997 1473 4046 auno

359 4083 490 4152 Domini
500 4083 676 4155 millesimo
698 4083 923 4153 dueentesimo
940 4085 1185 4172 septuagesimo
1201 4087 1315 4174 prino.

605 4293 646 4369 (a
662 4297 746 4372 „oe
762 4295 904 4373 nomm
923 4297 1036 4362 rouo-n
1048 4296 1229 4373 onumen.)

792 4615 1040 4630 m
