3250 5268
859 315 1015 415 ...Q-

372 503 458 586 quod
476 505 593 571 eadem
610 507 726 574 castra
750 526 809 594 per
833 528 905 576 enm
921 511 1035 579 utilius
1053 515 1190 596 possent
1205 528 1304 594 quarn
1319 525 1379 594 per
1396 505 1504 573 elium

371 611 556 696 gubernari,
575 632 616 679 ea
633 613 698 702 ipsi
716 615 820 702 Regin
837 617 1037 686 liberalitate
1062 618 1207 701 donavit,
1223 621 1319 702 prout
1334 615 1367 680 in
1383 619 1504 698 paten-

372 719 460 784 tibus
479 718 596 787 litteris
614 720 694 787 dicti
710 721 811 805 Regis
827 725 985 792 consectis
1002 726 1120 792 exinde
1136 723 1267 809 plenius
1292 722 1410 790 dieitur
1426 739 1504 786 oon·

371 820 477 891 tineri.
494 825 565 892 Nos
581 827 693 914 iteque
708 830 812 918 ipsius
828 833 930 900 Ducis
947 841 980 901 et
992 831 1116 920 prelati
1132 833 1233 916 Regis
1250 827 1503 924 supplicationi-

371 931 431 998 bus
448 932 606 1019 inclinati,
632 935 843 1004 donationem
860 939 1052 1023 huiusmodi,
1078 941 1163 1008 siout
1178 939 1316 1026 provide
1331 937 1422 1004 faeta
1439 940 1503 1017 est,

371 1045 476 1105 ratam
494 1049 527 1106 et
542 1042 669 1108 firmam
685 1043 851 1130 babentes,
880 1067 952 1114 eam
979 1048 1178 1115 anctoritate
1198 1045 1393 1131 Apostoliea
1408 1043 1504 1110 duxi·

371 1164 441 1210 mus
459 1147 727 1217 confirmandum.
757 1149 917 1230 Quocirca
934 1155 1137 1236 mundamus,
1155 1161 1316 1236 qnatenus
1332 1149 1502 1238 prefatum

370 1253 496 1318 Ducem
513 1276 576 1322 uon
593 1257 764 1342 permittas
781 1279 879 1345 super
902 1261 1071 1345 premissis
1088 1265 1203 1326 eontra
1218 1257 1407 1324 huiusmodi
1424 1275 1502 1324 oon-

370 1355 561 1429 firmationis
589 1371 695 1431 nostre
720 1374 866 1433 tenorem
891 1370 934 1434 ab
960 1369 1127 1453 aliquibus
1153 1365 1301 1432 indebite
1318 1362 1501 1444 molestari,

370 1469 597 1538 molestatores
614 1471 801 1542 huiusmodi
830 1484 893 1541 eto.
915 1474 1165 1562 oompesoendo.
1198 1474 1274 1540 Non
1290 1473 1457 1554 obstante,
1475 1469 1504 1563 si

370 1573 535 1656 aliquibus
552 1598 573 1642 a
589 1578 667 1646 sede
685 1582 929 1669 Apostolieasit
939 1583 1099 1651 indultum
1116 1571 1177 1648 etoss
1194 1579 1358 1667 specialis.
1375 1578 1503 1676 Datum

369 1681 460 1766 upud
478 1681 596 1750 Urbem
615 1685 766 1754 Veterem
792 1689 904 1758 ldibus
920 1691 1011 1760 Julii.
1044 1689 1259 1758 Pontificatus
1285 1687 1388 1783 nostri
1413 1703 1504 1752 anno

369 1789 477 1853 tertio.

477 1945 1194 2024 (1V·Orbtnptpunsgeamroor,sternuto.m.
1210 1955 1230 2008 r.
1243 1953 1272 2008 n.
1288 1953 1351 2009 nuo.
1364 1951 1396 2022 r.)

803 2250 1049 2260 ——.---—.-—.-q

896 2591 953 2656 ot.

366 2760 389 2822 1
392 2756 427 2822 V.
438 2759 544 2825 ortuo
547 2766 637 2847 popu
656 2765 739 2830 Rota
748 2764 924 2866 szlavoniue'
938 2765 1067 2854 berozeq
1083 2772 1422 2857 emmerameqertoui
1437 2774 1459 2836 1
1465 2773 1503 2838 V.

526 2869 609 2935 Belo
624 2873 796 2960 lcirdlynak
812 2896 868 2960 eqy
883 2875 986 2940 medlo
1001 2876 1205 2964 odomuydt.
1233 2881 1331 2945 1264.

474 3058 626 3130 Urbanus
642 3067 827 3154 Episcopus
853 3077 915 3138 ete.
943 3071 1064 3138 dileoto
1089 3073 1157 3141 filio
1174 3075 1279 3142 nobili
1295 3075 1367 3142 viro
1384 3072 1501 3162 B(ele)

365 3159 642 3236 DuoiSolevonie
667 3175 807 3242 salutem
833 3185 895 3244 ete.
927 3177 1013 3256 Quin
1038 3177 1114 3246 Deo·
1128 3188 1162 3248 et
1178 3181 1329 3251 Euolesie
1355 3183 1501 3252 deuotus

366 3279 439 3334 esse
455 3269 649 3362 dinosceris,
674 3297 849 3362 personum
874 3287 964 3350 tuam
990 3281 1133 3352 libenter
1156 3286 1315 3375 prosequi
1347 3291 1503 3356 volumus

363 3374 498 3460 benigni
515 3377 716 3452 exhibitione
733 3385 866 3455 furoris.
900 3389 985 3456 Hine
1013 3399 1075 3477 est,
1101 3395 1192 3478 quod
1208 3415 1269 3462 nos
1286 3398 1427 3464 obtentu
1445 3417 1502 3466 oa·

363 3479 563 3552 rissimorum
579 3486 612 3551 in
629 3488 760 3558 cbristo
775 3493 913 3561 filiorum
931 3503 1115 3566 nostrorum
1134 3549 1142 3566 .
1160 3551 1168 3568 .
1187 3552 1195 3568 .
1212 3501 1315 3588 Regis
1327 3509 1362 3569 et
1371 3505 1503 3588 Regine

364 3583 509 3672 Ungarie
525 3591 713 3680 illustrium,
743 3620 881 3683 quorum
900 3611 997 3672 uatus
1024 3604 1150 3694 existis,
1169 3611 1235 3676 tuis
1251 3611 1350 3678 iustis
1368 3615 1500 3699 suppli·

361 3693 544 3762 eletionibus
560 3709 751 3786 annuentes,
778 3705 821 3772 de
846 3708 1013 3796 Baregna,
1040 3713 1164 3795 Vuleo,
1191 3717 1341 3802 Simigio,
1363 3719 1449 3786 Zela
1466 3729 1504 3788 et

362 3793 467 3862 Oloba
483 3801 598 3868 Castra
614 3825 686 3872 oum
703 3807 828 3877 iuribus
845 3819 879 3879 et
895 3817 1106 3898 pertiuentiis
1134 3825 1327 3908 eorundem,
1353 3845 1416 3892 neo
1432 3809 1502 3893 non

361 3903 451 3969 soles
467 3909 638 3988 aquutioos
664 3914 707 3979 ad
732 3917 895 3986 Dneatum
920 3929 1009 3989 tuum
1036 3925 1225 4009 Solanonie,
1246 3938 1346 4016 prout
1361 3936 1503 4019 asseris,

360 4010 569 4096 pertinentia,
585 4017 672 4083 siout
688 4039 729 4086 ea
745 4022 831 4089 iuste
854 4029 1007 4112 possides
1020 4037 1061 4097 'et
1077 4033 1199 4115 quiete,
1216 4035 1277 4102 tibi
1295 4042 1501 4106 auctoritate

360 4112 554 4196 Apostolioa
571 4122 797 4195 uonlirmamus
822 4141 856 4199 et
881 4137 1045 4220 presentis
1071 4139 1190 4225 scripti
1206 4144 1392 4226 patrocinio
1410 4167 1501 4213 eom-

361 4220 533 4288 munimus.
558 4225 647 4294 Nulli
673 4252 750 4316 ergo
775 4245 838 4305 eto.
864 4247 973 4308 nostre
1000 4245 1258 4316 confirmationis
1275 4257 1338 4318 ete.
1371 4255 1501 4322 Datum

361 4323 449 4489 ΐρῗᾱ
466 4323 585 4393 Urbem
603 4333 753 4406 Veterem
771 4343 881 4412 ldibns
896 4347 985 4415 Julii.
1017 4345 1245 4434 (Pontificatus
1267 4356 1387 4445 nostri)
1405 4381 1501 4427 anno

375 4442 411 4487 er
426 4447 467 4492 ro.

468 4547 529 4610 (lv.
543 4554 638 4608 Orbtn
651 4559 729 4632 pepe
741 4567 936 4645 Regeettibol,
950 4573 1078 4633 Tbeiner
1088 4579 1128 4635 id.
1143 4597 1180 4635 m.
1194 4583 1216 4636 l.
1230 4583 1260 4640 ln.
1270 4585 1333 4642 ste.
1347 4585 1380 4662 l.)

783 4740 1037 4756 *mm-q...-
