3270 5280
358 1142 390 1210 A
413 1143 682 1230 ratkeesebdrvdrd
703 1146 860 1234 triptotam
883 1147 1155 1235 bizenysdpleoele,
1172 1149 1251 1234 thy
1261 1147 1389 1235 Pykad
1408 1147 1482 1215 Coe·

357 1249 446 1316 maed
461 1261 597 1340 decepye,
618 1253 932 1321 Praestamarci
954 1267 1032 1321 erevit
1040 1258 1207 1344 jdeadpuit
1222 1277 1243 1319 a
1257 1253 1484 1338 pannoniatmc'

606 1363 808 1448 apdtsdpcalr
830 1361 1113 1450 lapyomdcyozac.
1138 1364 1237 1426 1262.

464 1557 650 1642 Capitulum
675 1558 829 1626 Aliensis
854 1561 1005 1628 Ecclesia
1031 1561 1179 1626 omnibns
1207 1565 1380 1645 presentes
1398 1561 1482 1625 litte-

358 1685 413 1730 ras
431 1667 623 1750 inspecturis
649 1668 790 1734 salutem
815 1666 848 1732 in
874 1666 1013 1734 Domino
1034 1666 1337 1752 sempiternamrtd
1355 1667 1469 1733 rniuer

357 1793 466 1840 sorum
482 1773 636 1840 noticiam
653 1774 768 1841 harum
794 1776 880 1842 serie
904 1776 1053 1842 volumus
1077 1775 1269 1860 peruenire,
1296 1772 1385 1859 guod
1411 1793 1482 1841 ccn·

357 1879 481 1946 stitutio
507 1899 618 1948 eoram
644 1880 736 1948 nobis
763 1880 895 1948 domina
920 1880 1037 1968 Pykud
1063 1881 1132 1949 filia
1158 1880 1248 1948 Petri
1271 1879 1330 1946 tilii
1346 1879 1483 1948 Comitis

357 1985 546 2086 Laustach'rj
565 1989 608 2056 de
633 2008 754 2073 genere
771 1987 854 2073 Zak,
870 1991 987 2057 relicta
1013 1989 1174 2057 Oozmach
1191 1987 1251 2055 tilii
1267 1987 1343 2072 tlug
1358 1989 1402 2054 ab
1418 2009 1484 2054 vna

357 2101 463 2180 parte,
483 2094 584 2161 tratre
610 2093 782 2164 Bonilacio
807 2098 968 2164 monacho
994 2095 1186 2164 monasterii
1212 2096 1326 2163 Sancti
1351 2095 1484 2161 Martini

358 2200 400 2266 de
417 2200 520 2268 Sacro
533 2201 644 2269 Monte
659 2205 829 2270 Pannonio
853 2205 983 2272 nomine
1009 2212 1042 2271 et
1067 2206 1140 2271 vice
1165 2201 1306 2269 Abbatis
1320 2207 1353 2268 et
1370 2201 1481 2268 ilona-

358 2309 450 2374 sterii
480 2308 663 2393 supradicti
689 2328 731 2374 ex
746 2310 870 2395 altera,
895 2310 1012 2378 eadem
1029 2308 1150 2396 Pykud
1171 2316 1380 2392 terrassnas,
1397 2330 1476 2394 qua-

356 2436 426 2482 rum
443 2433 541 2482 unam
558 2417 704 2503 Tamasy
727 2425 880 2486 vocatam
895 2439 917 2486 a
932 2439 991 2487 auo
1014 2423 1110 2504 patre
1126 2416 1304 2484 karissimo
1333 2415 1483 2501 predicto

359 2525 457 2591 Petro
480 2523 514 2590 in
531 2525 762 2592 matrimoniali
787 2526 905 2611 copula
929 2543 1039 2592 sccnm
1054 2524 1231 2607 traditam,
1259 2532 1292 2590 et
1306 2523 1407 2590 aliem
1424 2525 1482 2589 Pe·

356 2631 431 2696 turd
447 2637 667 2718 nuncupatam
680 2651 700 2696 a
711 2651 770 2698 sno
787 2651 901 2701 socero
918 2634 1014 2700 Petro
1030 2632 1181 2699 Ecclesia
1196 2638 1307 2698 nostre
1319 2631 1483 2716 qnondam

358 2738 531 2824 Proposito
548 2739 649 2805 tratre
665 2739 774 2806 mariti
791 2739 843 2807 sui
860 2737 941 2806 dicti
966 2738 1129 2807 Ocamach
1153 2738 1219 2805 sibi
1245 2740 1425 2823 collatam,
1449 2744 1484 2804 vt

357 2845 508 2931 dicebat,
542 2847 679 2914 easdem
709 2847 806 2914 metis
836 2847 981 2929 undique
1012 2845 1186 2912 distinctas
1209 2864 1269 2929 pro
1300 2845 1481 2930 optinendo

358 2957 471 3019 eterne
491 2953 606 3020 salutis
629 2953 744 3021 brauio
770 2961 803 3020 et
829 2954 870 3021 cb
902 2951 1083 3019 remedium
1106 2950 1290 3019 animarum
1313 2952 1485 3020 karissimi

355 3061 461 3143 patria
477 3060 530 3127 sui
552 3061 642 3128 Petri
667 3062 826 3130 antedicti
841 3067 874 3129 et
890 3060 1055 3128 Goameeh
1076 3057 1181 3125 mariti
1197 3061 1258 3144 sui,
1286 3067 1319 3127 et
1335 3059 1482 3127 eiusdem

356 3166 521 3253 Prepesiti
553 3185 594 3233 ac
617 3164 677 3234 filii
702 3167 848 3236 eiusdem
882 3167 1012 3234 domine
1048 3167 1180 3233 nomine
1204 3167 1360 3252 Symonis
1385 3185 1485 3250 snper

356 3273 475 3340 eadem
491 3281 580 3342 terra
607 3273 731 3344 Peturd
754 3275 918 3343 interiecti
948 3279 1124 3360 prenotato
1147 3275 1349 3341 monasterio
1373 3276 1408 3340 in
1431 3294 1486 3358 eo·

355 3381 430 3448 dem
452 3384 553 3469 pleno
577 3383 667 3468 inre,
693 3381 869 3468 sicutipse
885 3382 1019 3450 domina
1035 3381 1200 3466 possedit,
1225 3381 1363 3448 contulit
1379 3387 1412 3448 et
1427 3379 1483 3446 do·

354 3493 448 3559 nauit
470 3499 628 3579 perpetuo
659 3491 896 3579 possidendae,
930 3491 1160 3558 consenciente
1192 3489 1370 3557 karissima
1415 3485 1486 3554 tilia

354 3617 415 3668 sua
438 3599 538 3669 dicta.
550 3601 671 3668 Albine
686 3619 787 3668 uxore
801 3599 918 3667 Petrus
942 3603 975 3665 ct
1006 3597 1239 3684 permittente,
1257 3603 1289 3663 et
1305 3597 1412 3682 ipsam
1430 3591 1486 3660 do·

353 3711 528 3779 necionem
550 3728 611 3795 per
634 3707 818 3796 predictam
840 3713 978 3774 matrem
1002 3710 1095 3771 suam
1118 3705 1240 3774 factam
1263 3700 1489 3790 personaliter

353 3818 411 3905 pio
436 3817 601 3886 desiderio
628 3835 740 3882 coram
764 3815 861 3883 nobis
885 3813 929 3880 ad
952 3812 1135 3898 proiectum
1162 3813 1379 3898 approbante.
1413 3811 1487 3876 Hoc

353 3926 570 4011 interposito,
595 3922 687 4007 qnod
711 3925 741 3990 si
755 3921 917 3989 voluntati
941 3919 1047 4006 ipsius
1064 3919 1194 3986 domine
1216 3917 1336 4004 Pykud
1352 3916 1485 4003 placue-

351 4033 414 4118 rit,
447 4033 536 4120 apnd
568 4031 682 4118 ipsum
708 4029 944 4098 monasterium
978 4026 1184 4110 conuersari,
1209 4031 1330 4092 extunc
1353 4021 1485 4110 sepedi-

352 4135 439 4212 ctum
463 4141 699 4208 monasterium
721 4137 765 4204 ad
787 4143 917 4222 tempus
933 4135 1001 4202 nite
1018 4153 1087 4218 sue,
1112 4133 1223 4201 dando
1244 4133 1368 4200 rictum
1385 4137 1420 4198 et
1434 4151 1488 4198 ve·

351 4253 464 4322 stitum
487 4249 571 4335 sibi,
612 4253 730 4333 utpote
754 4253 904 4313 matrone
925 4243 1053 4329 piarum
1081 4243 1261 4325 largicione
1285 4241 1489 4326 elemosyna-

347 4378 418 4427 rum
455 4358 564 4446 ipsum
588 4353 799 4443 amplexanti
826 4351 990 4420 tenebitur
1016 4347 1198 4436 prouidere.
1223 4345 1263 4413 1n
1300 4347 1394 4414 cuius
1438 4345 1487 4415 rei

347 4467 537 4536 memoriam
560 4469 732 4553 presentes
750 4461 983 4534 concessimus
1000 4459 1130 4524 litteras
1146 4461 1259 4526 nostro
1271 4455 1382 4538 sigillo
1399 4473 1487 4520 corn·

342 4577 496 4645 munitas.
520 4574 616 4641 Anno
648 4570 780 4638 Domini
805 4569 992 4638 millesimo
1024 4561 1251 4636 ducentesimo
1277 4559 1487 4647 sexagesimo
