3230 5268
610 491 620 498 .
651 395 720 497 25¹.
751 492 767 498 -

130 599 307 678 temporum
333 591 539 679 processibus
566 596 762 661 successivis
797 595 971 678 eontigerit
1005 595 1144 662 suboriri
1173 595 1246 664 bino

127 702 212 786 inde,
229 722 294 784 que
310 701 440 770 turbare
456 710 592 790 possent
607 706 700 792 pacis
718 712 751 770 et
775 703 947 772 concordie
973 703 1137 789 unionem,
1161 722 1246 789 pace

127 808 244 877 adem
262 831 346 878 nnnc
362 812 452 878 facta
467 813 501 879 in
517 831 575 879 suo
592 816 709 881 robore
734 820 957 899 permanente,
973 833 1073 897 snper
1088 813 1246 898 gravimi·

124 918 193 1002 bus,
211 940 275 1004 qne
291 943 332 988 ex
349 928 442 1006 parte
458 921 622 988 hominum
646 929 829 990 nostrornm
847 927 959 988 eontra
977 921 1126 989 homines
1142 922 1243 1009 Regis

126 1029 262 1096 Boemie
280 1035 477 1116 attemptata
502 1030 622 1095 suerint
649 1032 719 1096 sire
745 1030 832 1096 iacta
850 1080 857 1094 .
876 1080 884 1096 .
903 1079 910 1094 .
928 1029 1164 1112 strigoniensis
1188 1030 1245 1098 Ar·

124 1134 355 1223 ehiepisccpns
380 1146 447 1204 tam
476 1139 641 1205 ordinaria
667 1139 910 1224 iurisdictione,
952 1159 1049 1222 quam
1075 1139 1245 1226 exipsius

124 1245 364 1314 iurisdiecionis
389 1248 421 1311 in
438 1266 505 1331 eos,
526 1249 579 1330 qui
599 1249 705 1315 eidem
729 1249 987 1334 Archiepiseopo
1013 1243 1154 1314 subiecti
1180 1267 1246 1314 non

124 1363 208 1441 sant,
229 1355 466 1442 prorogacione
483 1377 567 1422 nnnc
595 1356 686 1425 iacta
713 1365 897 1443 cognoscet,
924 1367 1045 1441 etque
1070 1354 1244 1424 iudiciaria

124 1466 312 1531 maturitate
329 1471 461 1531 servata
477 1465 638 1532 invenerit
654 1485 827 1550 perperam
845 1473 1052 1552 attemptata,
1082 1483 1140 1532 seu
1156 1465 1246 1532 iacta

124 1573 157 1638 in
173 1572 388 1657 preindieium
405 1571 506 1655 Regis
522 1574 655 1641 Boemie
671 1580 703 1639 et
727 1575 889 1640 bominum
916 1593 1056 1658 suorum,
1073 1571 1246 1638 diffinitiva

125 1680 295 1748 sentencia
310 1679 566 1746 reformabitur:
593 1689 766 1765 postquam
784 1683 825 1749 de
851 1703 951 1750 cause
978 1681 1101 1749 meritis
1126 1697 1245 1764 cogno·

124 1787 218 1870 verit,
235 1797 269 1853 nt
286 1795 336 1854 est
351 1787 439 1871 iuris,
457 1796 488 1853 et
513 1807 574 1870 que
599 1788 798 1874 diffiniverit,
814 1809 874 1877 per
891 1809 1062 1856 censuram
1088 1787 1244 1856 ecciesia-

124 1897 238 1964 sticam
255 1898 357 1963 saciet
372 1898 548 1981 observari,
565 1917 636 1962 eum
654 1897 688 1962 id
706 1898 808 1963 nostri
824 1905 856 1962 et
881 1899 984 1983 ipsins
1010 1895 1111 1982 Regis
1137 1897 1243 1964 Baro-

125 2025 184 2073 nes
201 2005 424 2074 ordinaverint
437 2007 527 2072 iuxta
544 2005 695 2072 traditam
712 2007 776 2071 sibi
801 2007 946 2090 formam,
965 2013 998 2072 et
1021 2025 1083 2072 nos
1110 2023 1151 2070 ae
1173 2004 1246 2092 ipse

126 2115 195 2180 Rex
206 2113 337 2180 Boemie
347 2114 939 2200 assumpserimus,approbaverimus,
948 2114 1243 2196 emolegavorimns

126 2222 290 2308 premissa
305 2223 414 2290 omnia
430 2231 461 2288 et
478 2221 609 2307 singula
625 2229 807 2307 spontanea
822 2223 996 2288 volontate.
1023 2224 1058 2290 Si
1084 2241 1161 2290 vero
1187 2222 1247 2289 aii·

126 2350 191 2414 qna
206 2329 361 2414 praviora
385 2351 443 2416 per
469 2331 616 2397 homines
642 2331 741 2414 Regis
767 2332 901 2398 Boemie
917 2332 970 2398 vel
995 2330 1141 2398 Barones
1162 2332 1245 2398 eins-

126 2437 200 2504 dem
211 2443 405 2527 attemptata
421 2439 541 2518 fuerint
556 2439 625 2507 sive
641 2439 741 2525 iacta,
758 2460 815 2524 per
832 2459 894 2522 qne
906 2439 1002 2508 uobis
1019 2438 1245 2508 ethcminibus

125 2549 230 2633 Regni
246 2547 349 2616 nostri
365 2556 478 2636 posset
492 2549 703 2637 preiudieium
720 2550 880 2632 generari,
900 2569 997 2636 snper
1021 2549 1086 2616 biis
1110 2567 1244 2617 venera·

126 2655 202 2723 bilis
219 2663 315 2741 pater
330 2655 478 2724 dominns
504 2658 613 2725 Bruno
639 2659 821 2745 Episcopus
847 2656 1070 2726 Olomueensis
1096 2677 1137 2724 ex
1163 2655 1246 2724 ordi·

127 2872 259 2941 Βοιιιίι
274 2875 307 2940 in
324 2893 360 2941 se
376 2881 645 2960 prorogaverunt,
664 2883 841 2959 cognoscet
856 2875 947 2939 iuxta
963 2873 1099 2939 sormam
1116 2871 1247 2941 articuli

127 2983 274 3068 proximo
297 2981 456 3067 expressi,
483 2989 517 3048 et
541 2983 628 3065 quod
654 2982 833 3066 diffinierit,
859 2983 1047 3049 execnoioni
1068 2979 1248 3064 mandabit,

129 3089 386 3159 contradictores
403 3109 462 3175 per
473 3109 643 3156 censuram
655 3090 915 3157 eeclesiasticam
926 3091 1108 3156 districtius
1119 3107 1247 3175 compe·

128 3198 260 3266 scendo.
271 3199 313 3263 Et
328 3198 361 3263 in
377 3197 560 3264 huiusmodi
578 3199 838 3283 cognicicnibus,
861 3197 1113 3266 diffinitionibus
1123 3203 1157 3264 et
1172 3215 1246 3265 exe·

127 3307 317 3376 accionibus
334 3325 504 3374 causarum
521 3308 696 3392 procedent
713 3308 809 3374 iidem
828 3307 1104 3394 Archiepiseopns
1120 3313 1153 3372 et
1168 3305 1246 3391 Epi·

128 3435 256 3502 scopus,
273 3417 376 3484 Deum
394 3423 426 3482 et
447 3416 616 3501 justiciam
641 3413 802 3480 babentes
828 3435 890 3499 que
916 3415 1027 3501 ooniis,
1053 3413 1247 3500 postpositis

129 3525 253 3611 gracia,
270 3525 395 3608 timore,
413 3525 489 3591 odio
506 3531 537 3590 et
564 3525 685 3591 favore.
702 3524 806 3589 Iidem
823 3541 951 3606 qnoque
975 3523 1248 3609 Arcbiepisccpus

133 3641 165 3701 et
174 3635 358 3720 Episcopus
368 3633 401 3698 in
412 3651 584 3719 personam
592 3634 691 3717 Regis
701 3632 833 3700 Boemie
843 3639 943 3715 atque
964 3637 1110 3700 nostram
1127 3630 1250 3718 singuli

130 3738 1248 3828 singulatimpromuigandiexcommunicacionissentenciamplenam

128 3853 274 3920 babeant
289 3850 482 3917 facultatem
499 3873 506 3914 :
525 3869 595 3916 enm
613 3869 673 3917 nos
691 3857 724 3916 et
747 3851 818 3934 ipse
834 3850 867 3915 in
883 3849 1052 3934 premissis
1068 3848 1247 3916 subieceri-

128 3980 199 4029 mns
214 3978 375 4046 personas
390 3966 519 4026 nostras
535 3957 820 4027 iurisdiceionibus
846 3958 1029 4026 eorundem.
1055 3955 1094 4024 In
1118 3957 1247 4026 minori·

127 4070 187 4138 bns
203 4091 284 4138 vcro
301 4071 422 4156 causis,
438 4091 500 4154 qua
516 4070 592 4136 hine
609 4069 684 4136 inde
699 4069 782 4134 inter
806 4074 934 4135 nostros
958 4073 992 4134 ct
1017 4067 1122 4148 ipsius
1148 4063 1247 4149 Regis

127 4179 278 4247 homines
295 4179 495 4262 emerserint,
512 4179 610 4263 :eirca
627 4175 765 4244 confinia
780 4177 926 4244 Moravie
943 4175 1006 4243 dno
1023 4181 1173 4262 exparte
1188 4195 1247 4241 no·

128 4297 206 4374 stra,
223 4289 376 4357 videlicet
391 4287 508 4356 Comes
525 4285 734 4353 Pononiensie
760 4293 793 4350 et
821 4279 968 4371 (Comes)
995 4283 1178 4366 Nitriensis,
1203 4301 1247 4349 ex

127 4405 223 4487 parte
238 4399 340 4484 Regis
366 4397 499 4466 Boemie
524 4395 730 4462 Camerarius
754 4393 899 4460 Mcravie
927 4399 961 4458 et
985 4390 1181 4459 Bureravius
1205 4391 1247 4458 de

128 4510 305 4592 Brumor03
331 4505 419 4572 circa
433 4501 574 4572 confinia
589 4500 719 4568 Austrie
735 4519 775 4565 ex
790 4507 886 4586 parte
901 4507 1013 4567 nostra
1029 4498 1172 4566 Comites
1188 4495 1247 4565 So·

128 4615 316 4700 pruniensis
342 4623 374 4686 et
389 4613 618 4696 Musuniensis,
632 4630 673 4677 ex
689 4613 785 4695 parte
802 4607 902 4696 Regis
927 4608 1062 4676 Boemie
1087 4606 1247 4676 castella·

124 4748 186 4800 nus
204 4726 247 4798 de
261 4725 383 4795 Haslar
400 4731 433 4794 et
448 4723 654 4792 Castellanus
681 4719 775 4788 Nove
792 4717 954 4805 Civitatis,
970 4717 1103 4788 iudices
1119 4715 1246 4802 provin·
