3230 5268
403 1167 535 1232 Lucina
549 1167 650 1232 oddar
664 1171 696 1232 ds
708 1169 847 1254 sornopyi
865 1165 1001 1253 fiii-spuo
1015 1165 1238 1232 birdtdraus'oul
1251 1189 1273 1229 u
1287 1165 1438 1251 kirdlpnd
1455 1185 1524 1228 ssu·

401 1273 532 1340 badorot'
555 1273 636 1340 attat
661 1271 804 1362 slsoplult
828 1273 922 1338 Burei
944 1275 1023 1340 acuti
1041 1271 1148 1358 stlta
1165 1272 1268 1342 -elddbt'
1282 1274 1525 1340 &nomenante

807 1381 997 1468 mamaudju.
1014 1381 1110 1446 1268.

506 1597 707 1667 Luureucins
723 1599 892 1666 Palatinus
919 1605 953 1666 et
967 1597 1083 1664 Comes
1107 1599 1323 1686 Symigieusis
1348 1597 1518 1664 uniuersis

283 1709 291 1724 ‘
401 1707 524 1775 Christi
547 1705 699 1776 fidelibus
723 1707 932 1792 presencium
958 1706 1112 1776 noticiam
1140 1707 1301 1774 habituris
1321 1706 1469 1772 salutem
1485 1705 1521 1770 iu

400 1817 547 1883 Domino.
564 1815 615 1882 Ad
630 1815 852 1884 universitatis
869 1820 977 1884 uestro
993 1814 1146 1882 noticiam
1170 1823 1283 1882 tenore
1308 1812 1521 1900 presencium

399 1923 548 1992 uolumus
571 1924 759 2010 peruenire,
785 1922 869 2005 quod
895 1942 969 1990 cnm
984 1941 1044 1990 nos
1061 1922 1210 1990 dominus
1225 1930 1336 2001 nostor
1352 1921 1424 1988 Rex
1441 1921 1520 1988 Illu-

400 2031 478 2098 stris
504 2031 584 2098 Belo
609 2032 679 2100 Rex
703 2029 872 2116 ilungarie
896 2033 940 2098 ad
960 2031 1165 2100 reuocandas
1180 2037 1286 2098 terras
1302 2051 1343 2098 ao
1359 2030 1430 2096 alia
1447 2030 1519 2094 iura

400 2139 557 2206 nobilium
568 2159 626 2224 per
638 2136 842 2222 uduornioos,
853 2145 1038 2208 castrenses
1048 2146 1082 2206 et
1090 2139 1229 2228 populos
1243 2139 1375 2206 domine
1390 2137 1520 2222 Regius

400 2267 438 2315 ac
455 2248 540 2315 alios
554 2246 727 2314 cuiuslibet
742 2245 948 2316 condicionis
964 2244 1112 2314 homines
1128 2254 1292 2332 occupatu
1307 2245 1352 2314 ad
1373 2243 1516 2312 Comita-

398 2364 464 2422 tum
479 2354 720 2440 Symigienssm
736 2351 984 2438 tansmisisscc
1001 2359 1036 2420 et
1051 2353 1194 2437 quinque
1218 2353 1365 2418 homiues
1390 2352 1434 2418 de
1462 2369 1517 2416 no-

399 2460 517 2530 bilibus
533 2460 637 2547 ipsius
653 2461 832 2528 Comitatus
848 2463 971 2530 electos
987 2482 1045 2550 per
1060 2480 1173 2528 omnes
1197 2460 1324 2528 nobiles
1341 2460 1383 2526 de
1398 2456 1515 2526 eodem

398 2570 570 2653 comitatu,
587 2567 771 2638 lctsnnem
786 2567 913 2637 scilicet
938 2569 1098 2638 (inmitem
1114 2566 1216 2636 filium
1231 2568 1344 2654 Ysyp,
1359 2567 1515 2636 Cosmum

397 2678 440 2746 dc
455 2677 604 2758 Kununa,
620 2675 819 2761 Stephanum
836 2675 935 2744 lilium
951 2677 1043 2762 Dios,
1060 2675 1255 2762 Gregorium
1272 2675 1371 2742 lilium
1386 2675 1513 2756 Iharus,

397 2793 430 2854 et
444 2783 605 2878 'rhomam
630 2783 731 2852 filium
756 2783 924 2854 Mortuum
939 2785 982 2852 de
998 2785 1111 2854 Vislov
1128 2785 1222 2852 nobis
1239 2786 1272 2852 in
1289 2784 1396 2853 socios
1412 2783 1512 2870 depu-

396 2899 518 2980 nosset,
544 2899 577 2960 et
600 2892 700 2978 ijdem
716 2895 858 2976 quinque
874 2892 1002 2961 nobiles
1018 2893 1101 2979 sooij
1120 2894 1222 2962 nostri
1239 2892 1448 2959 iureiurando
1465 2900 1511 2956 ta-

396 3009 448 3074 cto
473 3003 691 3074 sacrosancto
715 3008 748 3070 et
772 3000 901 3070 niuifieo
934 3001 1047 3070 Crucis
1081 3002 1170 3084 ligno
1199 3001 1352 3086 Domini,
1378 3000 1511 3068 domiuo

397 3111 480 3192 Regi
505 3109 750 3194 promisissent,
776 3111 865 3194 quod
881 3131 944 3178 non
961 3111 1064 3196 aliud,
1079 3111 1142 3178 nisi
1159 3111 1234 3176 iura
1249 3110 1404 3180 nobilium
1422 3108 1512 3174 inde·

396 3222 463 3286 bite
490 3237 547 3304 per
572 3216 833 3284 condicionarios
859 3224 1020 3306 occupata
1046 3217 1262 3300 restituerent,
1290 3221 1445 3284 eteniam
1462 3235 1511 3282 se·

395 3325 547 3393 condaris
563 3325 660 3393 uobis
675 3327 775 3394 tactis
785 3328 1003 3398 sacrosanctis
1013 3327 1159 3411 reliquiis
1171 3333 1204 3392 ct
1214 3325 1397 3408 Euangelio
1408 3345 1511 3410 supra

395 3431 480 3502 dllos
496 3432 633 3500 illiorum
651 3453 781 3502 suorum
796 3433 957 3503 iurassent
972 3437 1052 3503 illud
1069 3437 1155 3502 idem
1166 3427 1328 3520 ,receptu
1352 3435 1411 3500 tali
1436 3452 1509 3498 oau-

394 3545 489 3611 cione
515 3545 786 3630 processissemus
811 3542 854 3611 ad
879 3551 1067 3630 preceptum
1098 3543 1219 3612 domini
1244 3563 1343 3629 supra
1367 3541 1509 3626 dictum,

394 3655 531 3738 ipolitus
546 3655 673 3738 Cornus,
691 3651 789 3739 Vgra,
806 3651 994 3738 Ninboluus,
1011 3655 1144 3738 Valens,
1170 3662 1202 3720 et
1227 3654 1380 3739 ipolitus,
1402 3651 1459 3736 lilij
1479 3671 1510 3716 e·

392 3760 519 3829 iusdem
533 3759 639 3844 ipoliti
654 3759 797 3844 (inmitis,
813 3761 940 3828 nobiles
955 3762 997 3828 de
1012 3761 1098 3848 lilya
1114 3781 1173 3848 per
1187 3763 1280 3830 Roda
1290 3761 1504 3847 jobagionem

393 3869 643 3936 uduornicorum
667 3867 707 3932 de
733 3866 820 3935 Villa
844 3868 941 3953 Bard,
959 3869 1121 3952 quandam
1137 3877 1257 3937 terram
1272 3888 1364 3936 suum
1381 3868 1507 3936 beredi-

393 3976 510 4044 tarium
524 3975 613 4042 Bard
628 3981 785 4060 vocatam,
812 3984 979 4063 receptam
996 3985 1029 4044 et
1045 3978 1205 4046 uiolenter
1220 3984 1416 4061 occupatam
1432 3995 1506 4044 essu

392 4085 546 4154 dicebant
561 4103 667 4151 coram
678 4085 782 4170 nobis,
793 4091 826 4151 et
842 4105 952 4152 coram
968 4085 1191 4154 conludioibus
1212 4086 1331 4154 nostris
1341 4085 1506 4170 predictis,

394 4203 427 4261 et
450 4213 510 4278 per
536 4191 672 4260 sormam
698 4193 920 4277 inquisicionis
945 4195 1131 4281 petiuerunt
1157 4195 1220 4262 sibi
1251 4193 1352 4262 reddi.
1388 4195 1506 4260 Verum

393 4321 466 4368 cum
492 4321 552 4369 nos
578 4300 621 4368 ad
646 4301 750 4388 ipsam
776 4301 1026 4386 inquisicionem
1047 4304 1332 4389 processissemus,
1350 4303 1504 4371 soluimus

392 4409 561 4494 veraciter,
577 4406 699 4475 dictam
715 4417 835 4476 terram
851 4409 953 4480 luisse
968 4411 1010 4481 de
1035 4412 1103 4478 inre
1126 4411 1323 4478 hereditario
1348 4411 1505 4478 nobilium

391 4516 533 4600 detlllya
549 4516 775 4600 predictorum.
792 4522 843 4588 Ad
859 4519 1013 4586 maiorem
1029 4527 1138 4588 tamen
1159 4521 1322 4587 cantelam
1338 4519 1430 4605 ipsos
1447 4539 1502 4584 uo-

391 4621 474 4688 biles
490 4623 530 4688 de
547 4621 628 4708 lllya
643 4643 741 4708 super
755 4625 906 4711 predicta
916 4633 1005 4694 terta
1020 4627 1237 4713 personaliter
1247 4627 1444 4696 constitutos
1461 4627 1504 4696 ud
