3270 5280
603 368 763 476 *cs-

107 565 303 636 buiusmodi
319 569 611 638 constitutionibus
628 571 827 637 auctoritate
853 573 1048 659 Apostolica
1073 571 1246 639 conflrma-

109 695 187 742 mus
206 683 239 743 et
256 678 421 763 presentis
439 678 553 762 scripti
568 677 753 762 patrocinio
780 679 1015 746 communimus
1058 679 1151 746 Nulli
1167 699 1245 764 crgo

109 793 176 850 eto.
195 792 309 852 nostre
335 785 592 852 confirmationis
618 794 682 854 etc.
712 785 832 855 Datum
850 787 939 874 apud
956 786 1078 856 Urbem
1094 787 1245 856 Veterem

108 889 191 959 x11.
210 895 286 960 Kal.
303 893 465 982 Jannarii,
483 886 716 978 (Pontificatus
732 893 852 982 nostri)
869 916 957 964 anno
974 896 1082 963 tertio.

226 1070 279 1142 (lv
281 1115 288 1129 .
302 1069 403 1128 Orbdn
414 1069 491 1144 pdpa
503 1071 701 1144 Regcstlibdl,
714 1071 842 1129 Theiner
854 1073 892 1128 id.
907 1091 943 1128 nr.
957 1071 979 1128 l.
993 1073 1021 1128 k.
1033 1073 1095 1129 254.
1109 1073 1142 1146 l.)

654 2111 710 2177 43.

118 2320 138 2382 1
143 2318 176 2382 V.
195 2314 305 2380 Orbdn
320 2310 496 2396 mepmdac‘ti
506 2307 587 2374 Bella
597 2291 776 2372 azloooaa'oi
791 2305 917 2392 ltmech
932 2309 1079 2372 edmero
1090 2309 1109 2373 l
1116 2309 1151 2374 V.
1164 2311 1245 2406 Iddlu

117 2419 296 2509 kircilynole
310 2440 349 2480 az
365 2419 476 2502 θνητάς
493 2413 756 2480 colluctata-verae
772 2415 1242 2503 tdrppaadadomdaydt.1263.

227 2615 383 2683 Urbanus
400 2613 587 2699 Episcopus
613 2617 676 2678 etc.
703 2611 824 2678 dilecto
840 2609 906 2678 lilio
924 2612 1026 2680 nobili
1042 2615 1112 2682 viro
1128 2614 1241 2703 B(ele)

116 2729 203 2796 Dnci
219 2722 407 2804 Sclaronie,
426 2721 567 2786 salntem
583 2725 644 2786 ete.
672 2719 735 2786 Pro
752 2718 829 2786 fidei
846 2719 980 2800 meritis,
998 2740 1064 2804 qua
1080 2742 1138 2806 per
1155 2723 1246 2793 Obri-

117 2837 161 2904 sti
175 2834 314 2902 rutilare
331 2828 473 2912 gratiam
491 2827 729 2912 comprobaris,
755 2834 789 2893 te
814 2827 955 2894 libenter
974 2829 1114 2913 speciali
1131 2831 1244 2904 levore

116 2941 360 3031 prosequimur,
377 2947 410 3004 et
427 2958 490 3022 que
514 2936 575 3014 tibi
600 2937 854 3024 prosperitatem
880 2936 1037 3020 adiciant,
1064 2939 1245 3011 liberaliter

118 3049 317 3136 elargimur,
344 3046 438 3111 firma
464 3044 660 3111 credulitate
679 3053 843 3130 tenentes,
860 3047 950 3128 qnod
966 3053 1087 3129 quanto
1102 3052 1244 3132 gratiam

117 3157 328 3244 grandiorem
353 3154 396 3220 ab
422 3153 618 3238 Apostolica
633 3154 719 3221 Sede
737 3154 936 3239 perceperis,
962 3160 1055 3221 tanto
1072 3156 1102 3220 ei
1118 3156 1244 3226 serven·

118 3267 195 3337 tiori
209 3266 320 3332 studio
345 3269 378 3328 te
403 3267 564 3346 oportuno
590 3271 736 3348 tempore
762 3263 910 3330 studebis
927 3264 1078 3331 devotum
1095 3283 1155 3348 per
1170 3265 1243 3332 elle-
1341 3307 1347 3320 ·

118 3389 207 3446 ctum
224 3371 334 3460 operis
351 3371 516 3437 exhibere.
549 3371 637 3439 Sane
658 3369 773 3456 petitio
790 3381 848 3438 tua
864 3372 959 3438 nobis
976 3371 1125 3439 exhibita
1142 3375 1244 3440 conti·

118 3485 232 3568 nebat,
258 3481 345 3565 quod
372 3479 561 3544 carissimus
587 3479 620 3544 in
648 3477 779 3545 Christo
805 3479 890 3544 filius
915 3485 1027 3544 noster
1044 3474 1157 3568 B(ela)
1174 3482 1244 3550 Rex

119 3591 268 3675 Ungarie
285 3587 438 3670 Illustris,
460 3593 556 3672 pater
571 3593 657 3668 tuus,
684 3586 859 3672 diligenter
875 3587 1070 3670 attendens,
1096 3590 1185 3670 quod
1202 3591 1244 3660 de

119 3700 240 3782 Nitria,
257 3695 299 3762 de
317 3693 468 3778 Posonio,
491 3695 533 3760 de
550 3697 678 3762 Musam
706 3704 738 3762 et
763 3694 804 3760 de
820 3693 996 3778 Suprunio,
1013 3699 1123 3760 castra
1138 3698 1246 3784 Regni

119 3805 267 3894 Ungarie
284 3805 318 3870 in
336 3802 474 3871 confinio
491 3805 562 3871 cius
579 3803 654 3890 sita,
671 3803 779 3870 eidem
788 3804 911 3887 Regno,
929 3801 1026 3884 sica,
1044 3801 1130 3882 quod
1146 3805 1245 3885 absit,

119 3919 163 3986 ad
178 3915 294 3984 hostes
310 3911 518 3999 pervenirent
542 3913 657 3998 ipsius,
676 3914 794 3995 gravia
818 3911 997 3998 dispendia
1027 3911 1244 3999 imminerent,

119 4031 151 4091 et
167 4023 259 4110 quod
276 4023 392 4090 eadem
409 4029 520 4090 castra
535 4043 593 4108 per
610 4028 642 4088 te
659 4022 773 4088 utilius
790 4029 937 4108 possent,
953 4043 1051 4107 quarn
1067 4043 1127 4109 per
1143 4023 1244 4090 alium

119 4131 309 4215 schemari,
328 4150 369 4197 ea
384 4130 444 4198 tibi
459 4133 564 4217 Regia
581 4131 778 4199 liberalitate
807 4131 953 4216 donavit,
970 4141 1066 4217 prout
1082 4134 1116 4200 in
1131 4139 1246 4218 paten-

118 4238 208 4306 tibus
225 4237 343 4304 litteris
359 4238 439 4305 dicti
457 4241 557 4322 Regis
582 4239 741 4306 confectis
752 4238 870 4306 exinde
887 4241 1016 4326 plenius
1034 4239 1153 4307 dicitur
1170 4258 1244 4305 con·

120 4347 230 4414 tineri.
265 4347 336 4412 Nos
361 4347 474 4432 itaque
490 4349 554 4414 luis
572 4356 605 4414 et
620 4347 742 4433 prefati
768 4347 867 4431 Regis
885 4347 1181 4434 supplicationibus
1198 4347 1246 4414 in·

119 4453 244 4536 clinati,
264 4454 476 4520 donationem
493 4453 675 4521 huiusmodi
693 4455 777 4520 sicut
798 4453 935 4538 provide
952 4455 1045 4522 lacta
1061 4461 1120 4539 est,
1138 4461 1244 4522 ratam

119 4569 150 4628 et
165 4561 292 4628 firmam
310 4559 483 4647 babentes,
501 4583 574 4630 eam
591 4564 789 4631 auctoritate
805 4563 999 4646 Apostolica
1014 4561 1244 4630 confirmamus

118 4677 149 4738 et
165 4667 332 4756 presentie
350 4669 464 4752 scripti
490 4669 675 4754 patrocinio
702 4670 946 4736 communimus.
980 4671 1069 4737 Nulli
1086 4691 1165 4756 ergo
1182 4681 1245 4740 etc.
