3230 5268
538 1181 687 1270 Uppenna
702 1182 888 1269 uppucuboz
903 1181 1034 1248 bacculo
1046 1181 1210 1268 torpydoa.
1234 1183 1332 1248 1270.

479 1379 607 1448 Gaudio
633 1400 772 1467 maguae
797 1381 1031 1450 consolationis
1055 1383 1156 1449 nostri
1181 1380 1291 1450 cordis
1322 1377 1493 1449 desideria

372 1485 622 1576 inflammantur,
649 1490 901 1576 quotiescunque
923 1492 964 1560 de
980 1492 1087 1558 salute
1102 1497 1213 1558 vestm
1230 1498 1263 1557 et
1278 1489 1355 1559 aliis
1372 1488 1494 1556 uestris

347 1677 349 1685 Ι
371 1595 644 1685 prosperitatibus
669 1599 881 1667 renovatione
896 1599 1065 1667 literarum
1080 1606 1265 1667 uestrorum
1281 1599 1398 1666 sedula
1413 1598 1490 1664 uisi-

371 1714 488 1790 tamur,
512 1708 575 1774 boc
591 1706 695 1793 ipsum
721 1727 782 1776 uos
807 1715 841 1776 et
866 1714 996 1776 nostros
1013 1708 1162 1776 comitari
1178 1707 1316 1776 Vestrae
1333 1707 1494 1774 Domina-

372 1816 453 1884 tioni
463 1815 617 1901 jocundis
632 1816 752 1883 animis
768 1817 966 1886 nuntiantes.
992 1817 1111 1885 Verum
1134 1815 1210 1902 quia
1226 1823 1319 1902 patet
1333 1815 1493 1884 relatione

372 1925 566 2012 scriptorum
583 1923 772 1995 Vestrorum
797 1927 839 1994 de
864 1926 1038 1994 infortunio
1060 1927 1221 1995 carissimi
1247 1925 1358 1994 fratris
1389 1917 1496 1991 nostri

373 2035 494 2105 domiui
508 2036 562 2122 bl,
579 2057 622 2104 ue
638 2037 809 2104 videamur
833 2034 983 2104 Vestram
1008 2037 1223 2104 Dilectionem
1238 2035 1415 2118 offendere,
1433 2051 1494 2102 nec

372 2165 436 2214 nou
451 2149 565 2230 petere
580 2165 641 2230 pro
658 2145 784 2228 codem,
801 2145 887 2213 sicut
904 2145 937 2212 iu
962 2145 1127 2230 prioribus
1153 2144 1259 2212 literis
1273 2150 1421 2213 nostrum
1438 2162 1494 2212 uo-

372 2253 422 2320 bis
447 2253 613 2339 aperimns
640 2254 803 2337 animum,
829 2256 1020 2342 suppliciter
1044 2255 1234 2324 insistentes
1260 2273 1319 2340 pro
1344 2252 1495 2338 ejusdem

372 2379 454 2446 pace
470 2367 503 2427 et
518 2362 688 2432 commodo
705 2363 933 2431 reformandis.
944 2363 1304 2431 Verumtameuvestra
1322 2361 1495 2432 Serenitas

373 2469 615 2537 animaduertat
629 2471 863 2556 perspicacius,
880 2472 959 2556 quid
973 2472 1064 2540 aliud
1080 2492 1175 2556 quam
1191 2473 1277 2557 quod
1303 2478 1421 2559 potest,
1440 2490 1494 2536 au·

372 2577 516 2663 gustiato
533 2575 691 2663 injuriose
707 2585 813 2646 restat
827 2599 935 2664 egere,
953 2599 1026 2648 cum
1042 2581 1222 2666 implorans
1240 2577 1405 2647 humiliter
1420 2598 1496 2664 gra·

372 2687 440 2752 tiae
455 2685 600 2753 debitum
614 2692 757 2770 nequeat
773 2687 924 2774 adipisci.
942 2687 1078 2776 Propter
1093 2690 1181 2774 quod
1196 2709 1260 2756 non
1277 2685 1446 2772 miremini,
1463 2689 1491 2754 si

376 2797 564 2882 compulsus
592 2797 684 2863 aliud
708 2805 842 2882 cogatur
871 2798 989 2883 lacere,
1007 2818 1105 2882 quam
1121 2798 1213 2868 uobis
1229 2799 1273 2865 sit
1288 2799 1445 2884 placitum
1461 2803 1494 2862 et

374 2905 439 2971 sibi
455 2903 644 2990 expediens.
662 2905 748 2986 Quia
763 2908 825 2975 hoe
841 2913 891 2974 est
906 2909 1035 2994 poetico
1058 2908 1208 2977 turbatus
1225 2909 1323 2977 corde
1338 2904 1493 2974 lorsitan:

479 3012 539 3078 Est
555 3013 696 3096 quodam
712 3015 845 3098 prodire
862 3021 966 3100 tenus,
983 3017 1012 3082 si
1027 3036 1093 3086 nou
1107 3019 1203 3085 datur
1218 3018 1314 3084 ultra.

479 3123 582 3206 Igitur
596 3129 699 3190 mater
715 3129 747 3189 et
762 3123 913 3193 dominat
932 3126 1125 3194 clementiae
1137 3125 1272 3194 Vestrae
1288 3126 1417 3192 bonitas
1434 3122 1492 3190 Ve-

374 3235 477 3297 strum
493 3239 683 3315 compescat
698 3233 839 3299 animum
857 3234 1111 3303 misericorditer
1127 3236 1161 3303 iu
1177 3235 1399 3322 praescriptis,
1414 3232 1491 3318 quia

374 3337 489 3405 lortius
505 3341 640 3424 saepius
660 3339 826 3426 fastigium
838 3353 913 3430 post
935 3363 1095 3429 prospera
1105 3345 1268 3413 excidium
1296 3343 1493 3431 praetendit,

371 3453 405 3511 ut
421 3445 505 3512 huno
520 3466 614 3530 quem
631 3450 723 3517 modo
741 3449 871 3517 fortuna
887 3452 1021 3518 mobilis
1037 3452 1256 3537 defraudavit,
1269 3471 1428 3521 conversa
1445 3450 1491 3516 la-

373 3553 487 3638 uiliter,
501 3555 736 3642 lacrymantem
752 3558 882 3628 efficere
897 3560 1019 3646 poterit
1030 3560 1215 3648 jocundari.

760 3753 901 3828 (Palacky
913 3773 940 3810 u.
954 3773 980 3812 o.
993 3756 1055 3812 288.
1069 3755 1101 3828 l.)
1175 3813 1180 3830 ,
