3270 5280
159 1185 218 1254 W.
244 1187 353 1252 orcae
363 1189 455 1272 pdpc
470 1209 491 1250 a
505 1183 736 1273 punnechclmi
755 1190 892 1274 updtsdq
915 1190 947 1253 cs
962 1211 982 1250 a
1006 1184 1285 1272 aedes-salonam·

180 1291 340 1380 iodptclco
354 1292 439 1358 toci
454 1293 719 1379 apponatlcuadpek
735 1293 934 1358 tolcr'ntetdben
950 1295 1139 1360 iotdakcdils.
1166 1293 1259 1358 1261.

265 1471 419 1539 Urbanus
434 1471 618 1558 Episcopus
635 1490 751 1540 seruus
767 1491 935 1539 seruorum
945 1471 1006 1540 Dei
1018 1473 1139 1541 dilecto
1156 1471 1223 1539 lilio
1235 1518 1242 1534 .
1255 1517 1282 1536 ..

152 1579 292 1646 <tentori
318 1580 467 1648 Ecclesie
493 1580 684 1646 laoniensis.
716 1579 895 1658 Querelam
923 1581 1117 1648 dilectorum
1146 1579 1283 1646 liliorum

154 1686 297 1754 Abbalis
315 1695 347 1753 et
363 1687 552 1755 Conceptus
567 1688 758 1756 dionanterii
776 1689 892 1756 Sancti
917 1686 1048 1754 Martini
1073 1707 1174 1774 supra
1199 1689 1283 1754 Pau·

154 1796 289 1861 nouiam
306 1795 350 1862 ad
366 1797 547 1862 Romanam
565 1797 748 1862 Ecclesiam
766 1797 856 1862 nullo
874 1795 983 1864 medio
1003 1797 1196 1881 pertinentis
1224 1793 1282 1860 Or·

154 1903 244 1970 dinis
262 1904 377 1970 Sancti
392 1904 566 1971 Benedicti
582 1905 767 1990 recepimus
785 1905 1024 1988 continentem,
1050 1903 1138 1985 quod
1163 1905 1283 1990 Propo·

153 2012 241 2078 situs
257 2015 290 2075 ot
306 2008 494 2096 Capitulum
516 2011 668 2079 Ecclesia
692 2011 848 2076 Albensis
874 2009 1141 2094 Wcsprimiensls
1166 2011 1283 2078 Dioca-

154 2121 202 2186 sis
219 2137 320 2203 super
335 2117 531 2202 quibusdam
547 2117 682 2184 decimis
694 2117 832 2186 etrebus
848 2117 924 2185 aliis
941 2117 1138 2184 iniurientur
1147 2117 1281 2186 eisdem.

153 2228 302 2310 Ideoque
334 2226 526 2293 discretioni
550 2232 606 2293 lue
631 2246 689 2313 per
713 2226 908 2311 Apostolica
933 2225 1057 2310 scripta
1081 2225 1283 2302 mandamus,

154 2341 320 2416 quatenus
336 2334 484 2419 partibus
502 2334 694 2402 conuocatis
709 2336 829 2401 audias
845 2355 919 2402 eam
945 2341 979 2400 et
994 2334 1220 2420 appellatione
1234 2352 1283 2399 re-

156 2451 248 2508 mota
264 2443 377 2509 debito
394 2440 459 2508 line
476 2442 639 2510 decidatis
656 2443 784 2510 iaciens
817 2441 905 2526 quod
930 2443 1117 2509 decreuerit
1135 2460 1194 2527 per
1210 2459 1282 2506 oen-

155 2569 267 2616 suram
282 2550 547 2616 ecclesiasticam
571 2547 706 2616 firmiter
733 2541 912 2619 obseruari.
946 2549 1064 2615 Testes
1089 2555 1198 2613 autem
1227 2549 1283 2632 qni

156 2658 278 2725 suerint
292 2659 455 2724 nominati
465 2705 473 2738 ,
492 2659 521 2724 si
537 2675 574 2726 so
589 2659 700 2741 gratia
710 2707 719 2740 ,
744 2657 820 2726 odio
837 2658 890 2723 vel
916 2657 1033 2722 timore
1048 2653 1283 2740 subtraxerint,

156 2784 302 2832 censura
318 2764 418 2832 simili
444 2763 677 2851 appellaoione
703 2771 856 2834 cessante
882 2761 1062 2850 compellas
1086 2763 1218 2831 veritati
1238 2767 1283 2852 tc-

155 2872 346 2940 stimonium
372 2872 556 2956 perhibere.
590 2871 711 2939 Datum
745 2871 886 2939 Viterbii
911 2870 969 2936 Ill.
998 2888 1103 2936 nonas
1129 2867 1283 2938 Octobris

155 2979 374 3048 Pontificatns
390 2981 495 3049 nostri
512 2999 598 3047 anno
617 2981 733 3066 primo.

320 3151 466 3228 (Eredetie
479 3174 497 3212 a
509 3154 722 3213 scant-mdrtoui
735 3153 891 3230 ltaptutg
903 3149 1123 3224 levtlttrtbsn.)
