3248 5274
613 306 752 415 jii—

121 499 332 567 meridionali
341 500 375 566 in
385 501 499 588 speeie
508 499 642 569 deorum
655 500 861 589 amplexuum
872 500 917 567 ad
926 499 1088 585 quendem
1102 499 1237 584 iontem3

119 607 237 674 exinde
264 609 327 674 itur
345 627 405 696 per
419 607 515 676 binae
531 614 635 676 metas
651 609 686 674 in
702 610 814 676 deoem
830 607 911 675 loeis
927 609 1108 675 existentes
1123 625 1237 676 uersus

118 715 276 784 orientem
293 717 337 784 ad
361 715 526 801 quendam
541 717 661 785 vallem
678 714 881 803 Gelnasuelg
906 721 1068 799 noestam,
1088 721 1121 783 et
1145 714 1238 782 refle-

120 825 218 892 otitur
243 825 276 890 in
302 823 417 890 eadem
439 825 526 891 valle
542 824 711 914 adportes
727 825 969 910 meridionales,
985 823 1018 889 in
1035 823 1125 892 onius
1140 822 1237 893 vallis

118 931 184 998 time
201 938 278 1002 sunt
294 931 359 998 due
374 937 459 998 mete
475 932 592 1000 abhine
616 951 676 1019 per
692 933 876 1018 duplicatas
892 939 996 1002 metas
1011 933 1045 1000 in
1062 932 1175 1000 deeem
1190 933 1236 1000 io-

120 1041 166 1108 eis
191 1045 329 1126 erectae,
355 1041 454 1108 ourrit
478 1041 523 1109 ed
539 1041 741 1110 oooidentem
759 1043 878 1110 iterato
894 1041 936 1108 ad
954 1061 1073 1126 equam
1088 1043 1236 1131 Iteynna,

120 1149 210 1218 eirea
227 1169 324 1234 qnam
341 1157 393 1219 est
408 1156 496 1218 meta
511 1147 627 1233 finalis,
644 1147 735 1216 iuxta
754 1156 882 1235 portum
906 1146 993 1218 Ores
1016 1157 1236 1238 nunonpatnm

121 1278 142 1326 a
157 1264 254 1344 parte
269 1258 520 1344 septemtrionis,
536 1258 623 1328 sient
637 1264 751 1347 partes
769 1265 998 1347 exposuerunt.
1024 1261 1064 1330 In
1080 1261 1172 1329 euius
1187 1260 1236 1328 rei

120 1365 345 1435 testimonium
362 1373 394 1434 et
409 1368 598 1435 memoriam
617 1373 790 1453 presentes
806 1368 919 1438 literas
935 1367 978 1435 ad
993 1367 1187 1456 peticionem
1203 1375 1237 1437 et

124 1475 308 1542 netanoiam
323 1477 491 1561 utriusque
516 1475 623 1563 partis
639 1475 858 1544 eoncessimus
873 1477 978 1561 sigilii
1001 1478 1103 1546 nostri
1127 1478 1235 1546 muni·

121 1584 208 1652 mine
225 1583 408 1652 roboratas.
426 1583 546 1652 Datum
562 1603 621 1670 per
636 1602 750 1652 manns
766 1583 915 1670 magistri
937 1587 1106 1674 Bogenlay
1121 1588 1235 1656 Leeto·

120 1692 165 1760 ris
180 1692 332 1760 Eeelesie
347 1699 468 1780 nostre,
483 1713 570 1760 anno
586 1691 719 1762 Domini
733 1693 804 1760 M-⁰
820 1691 905 1760 tte-⁶
919 1696 1156 1782 septuagesimo
1170 1696 1235 1786 pri·

119 1821 182 1868 mo.
198 1801 392 1869 Reuerendo
408 1803 441 1870 in
458 1801 586 1870 Christo
602 1809 698 1888 patre
712 1800 842 1870 domino
858 1801 961 1874 Panlo
985 1803 1151 1894 Episcopo
1175 1824 1235 1876 no-

120 1915 196 1992 stro,
213 1909 372 1993 magistro
383 1908 475 1980 Fano
491 1911 674 1999 Proposito,
684 1913 787 1980 Paulo
798 1911 950 1998 Centone,
966 1913 1075 1998 sonos
1092 1915 1234 1988 custode

113 2016 341 2086 ‘existentibus

297 2249 444 2322 (Exedetie
456 2269 474 2310 a
485 2252 512 2312 b.
525 2251 712 2328 Weaselenyi
724 2255 824 2313 eeattd
834 2253 1054 2318 lovetotrtbm..

506 2343 593 2406 nere
616 2346 699 2404 suso
715 2345 844 2422 noan.)
