3270 5280
918 314 961 380 48

859 403 1016 414 -ῃ--ι-

376 511 577 593 bnscumque
593 505 827 578 ecclesiasticis
844 510 1023 592 ordinibus,
1041 507 1200 590 collegiis,
1218 505 1509 587 universitatibus,

377 616 430 685 vel
445 617 606 702 personis,
621 615 708 699 quod
725 617 1010 701 excommunicari,
1026 614 1184 702 suspendi
1201 615 1256 681 vel
1272 611 1425 680 interdici
1442 628 1502 678 ne

378 731 507 808 queant,
533 741 591 789 seu
616 721 658 788 ad
683 721 879 809 prestandas
901 721 1147 808 procurationes
1167 718 1301 805 Legat-is
1317 725 1350 784 et
1365 713 1505 784 Nunciis

378 829 473 899 Sedis
489 829 680 916 Apostolioe
705 831 857 916 coartari,
875 831 945 898 sive
961 827 1158 914 quibuslibet
1175 827 1251 897 aliis
1268 826 1506 910 cuiuscumque

377 939 500 1006 tenoris
517 939 671 1020 existant,
688 957 751 1022 que
766 939 847 1005 nulli
863 937 1039 1022 suffragari
1056 937 1202 1003 volumus
1219 935 1252 1000 in
1267 934 1330 1000 bac
1345 939 1452 1020 parte,
1470 937 1505 997 et

378 1044 547 1130 quibusvis
573 1045 863 1114 constitucionibus
888 1067 909 1114 a
936 1041 1225 1133 predecessoribus
1248 1041 1368 1110 nostru
1393 1037 1503 1123 editis,

379 1173 438 1222 seu
454 1153 746 1222 consvetudiuibus
772 1153 975 1240 quibuslibet
990 1153 1031 1220 de
1048 1151 1332 1238 procurationibus
1360 1146 1502 1214 Nnuciis

378 1261 467 1328 dicte
483 1259 577 1328 Sedis
593 1261 653 1328 sub
665 1261 763 1330 certis
779 1262 885 1330 modis
901 1269 934 1328 et
951 1261 1196 1329 condicionibus
1213 1256 1418 1326 exhibendis.
1436 1253 1503 1321 Da·

377 1377 444 1436 tum
459 1367 548 1454 apud
563 1368 841 1438 UrbemVeterem
853 1369 1023 1437 Kalendas
1035 1368 1187 1438 Octobris
1199 1363 1428 1455 (Pontificatus
1444 1381 1497 1428 no·

379 1475 452 1564 stri)
468 1494 555 1543 auno
572 1477 679 1544 tertio.

480 1653 542 1722 (IV.
557 1652 655 1712 Orbin
668 1651 747 1726 pipa
759 1652 960 1725 Regerttibol
979 1651 1105 1710 ‘I'heiner
1114 1652 1151 1708 id.
1165 1667 1202 1705 m.
1214 1650 1236 1708 1.
1250 1649 1279 1707 k.
1291 1652 1355 1708 alo.
1366 1651 1398 1723 l.)

809 1952 1052 1964 -ιι-η-ι--υ

381 2591 441 2658 IV.
468 2589 576 2654 Ordaia
600 2593 691 2677 pdpu
716 2611 754 2652 uc
778 2590 962 2676 mmerqami
988 2587 1132 2654 beekadr
1158 2593 1352 2676 meqbuqua
1383 2589 1465 2678 bopy
1483 2614 1504 2654 α

601 2707 682 2762 ssent
690 2693 769 2780 sold
784 2697 964 2783 sopitsiqe‘re
979 2695 1158 2784 mdbodjek.
1176 2697 1274 2762 1263.

485 2875 639 2944 Urbanus
655 2873 836 2960 Episcopus
852 2893 966 2941 servus
977 2893 1144 2943 servorum
1161 2875 1224 2941 Dei
1239 2875 1420 2942 venerabili
1437 2877 1501 2944 ira·

379 2987 470 3052 tri..
489 2983 768 3069 .llrcbiepiscopo
793 2983 1008 3066 strigoniensi
1041 2982 1179 3050 salutem
1211 2991 1244 3050 et
1275 2985 1502 3068 Apostolicam

379 3090 651 3160 benedictionem.
683 3092 770 3156 Inter
795 3090 1026 3175 occupationes
1051 3091 1245 3178 multiplices
1262 3099 1296 3158 et
1310 3092 1502 3172 immensas,

380 3197 497 3284 quibus
513 3194 646 3264 assidue
662 3198 812 3280 angimur
827 3205 861 3263 et
876 3196 1085 3266 distrahimur
1110 3217 1211 3284 supra
1231 3200 1321 3265 vires
1337 3199 1381 3266 de
1396 3201 1502 3268 subsi-

378 3307 433 3375 dio
449 3313 532 3374 terre
549 3305 669 3372 Sancte
694 3305 917 3372 vehementius
935 3306 1136 3390 cogitantes:
1154 3306 1197 3374 ad
1214 3306 1275 3374 boc
1291 3313 1419 3375 attenta
1435 3309 1500 3377 sol·

377 3413 544 3482 licitudiue
561 3421 593 3480 et
609 3414 788 3480 attentione
805 3413 949 3481 sollicita
964 3411 1139 3480 instantius
1164 3413 1350 3497 vigilamus,
1366 3421 1402 3482 nt
1417 3415 1501 3480 eius·

378 3520 451 3588 dem
467 3527 554 3587 terre
565 3519 736 3588 succursui
752 3527 934 3606 opportuno
950 3518 1162 3605 provideatur
1176 3518 1330 3607 remedio,
1347 3528 1380 3587 et
1395 3521 1502 3588 crucis

378 3645 418 3692 ac
435 3627 579 3694 crucifixi
595 3628 761 3714 negotium
772 3635 906 3694 auctore
918 3625 1057 3694 Domino
1073 3628 1212 3695 feliciter
1227 3628 1397 3712 dirigetur.
1414 3627 1500 3695 Nam

378 3734 453 3801 licet
469 3735 593 3802 nonulli
619 3736 873 3820 predecessores
893 3733 995 3802 nostri
1011 3733 1150 3803 Romani
1165 3734 1348 3821 Pontifices,
1364 3734 1501 3823 grandis

379 3843 425 3910 ad
442 3843 503 3926 boc
519 3843 689 3929 diligentie
713 3843 821 3913 studio
848 3844 1013 3910 ferventer
1029 3842 1214 3930 institerint,
1232 3863 1292 3911 nos
1308 3852 1428 3929 tamen,
1446 3848 1501 3929 qui

377 3934 498 4018 statum
514 3950 601 4019 illius
617 3959 704 4020 terre
728 3951 970 4036 presentialiter
996 3953 1156 4035 novimus,
1183 3953 1302 4036 quique
1327 3953 1432 4039 ipsius
1453 3953 1500 4020 di-

377 4058 534 4126 scrimina
550 4059 753 4145 experientia
769 4059 976 4146 palpavimus
991 4059 1147 4142 manuali,
1174 4077 1213 4124 eo
1229 4059 1429 4128 affectiosius
1446 4081 1501 4128 cu·

378 4166 485 4250 pimus
500 4166 608 4233 eidem
633 4173 718 4233 terre
743 4165 842 4234 celeri
867 4171 898 4232 et
924 4165 1052 4233 efficaci
1074 4166 1219 4233 subsidio
1236 4166 1419 4253 subvenire,
1436 4189 1500 4252 quo

378 4281 468 4340 terra
483 4273 600 4342 eadem
617 4273 650 4340 in
666 4273 812 4360 graviori
827 4277 878 4340 est
894 4273 956 4340 hoc
973 4280 1119 4359 tempore
1135 4275 1344 4343 necessitatis
1360 4276 1499 4344 articulo

378 4381 565 4450 constituta.
588 4380 667 4449 Oum
683 4382 782 4468 igitur
797 4401 857 4449 uos
874 4380 1083 4448 centesimam
1100 4383 1243 4449 omniurn
1261 4385 1500 4452 ecclesiastico·

379 4506 449 4555 rum
478 4496 689 4574 preventuum
720 4491 824 4574 Regni
865 4489 1009 4573 ngarie
1039 4507 1141 4573 usque
1171 4487 1214 4556 ad
1246 4491 1499 4575 quinquennium

379 4593 487 4661 eidem
502 4603 586 4664 terre
602 4597 644 4663 de
662 4597 794 4665 trabum
819 4606 1004 4665 nostrorum
1024 4597 1161 4664 consilio
1176 4595 1363 4667 duxerimus
1380 4619 1500 4668 conces
