3230 5268
657 959 730 1026 let.

139 1178 176 1244 V.
194 1181 300 1244 Ictodu
316 1177 423 1263 kirtly
438 1179 616 1263 maperdetti
634 1200 656 1242 a
665 1177 896 1263 parrruocbclmc'
920 1183 1053 1266 opdtsdp
1078 1178 1255 1244 alottcaldc'l

207 1309 229 1350 a
244 1309 285 1352 se.
306 1288 413 1350 {clodos
428 1283 585 1371 tirdlpcdl
600 1296 690 1372 apert
708 1285 1062 1373 mdszctcdsepottao.
1080 1288 1177 1352 1270.

238 1501 309 1572 Nos
333 1501 520 1590 Stephanus
546 1500 610 1568 Dei
625 1501 739 1588 gracie
758 1501 830 1569 Rex
846 1503 1013 1586 Hungerie
1029 1502 1253 1588 significamus

130 1610 364 1678 collectoribus
389 1611 422 1676 in
448 1609 615 1679 Oomitatu
640 1610 878 1698 vesprimiensi
906 1612 1110 1696 constitutis,
1136 1608 1253 1680 (loniiti

129 1719 246 1788 curiali
271 1727 305 1787 et
324 1718 562 1806 jobagionibus
595 1718 697 1786 castri
728 1717 873 1786 eiusdem
905 1726 1019 1788 tenore
1042 1719 1252 1806 presencium

7 1863 8 1888 r
129 1827 303 1912 vuiuersis,
327 1827 413 1912 quod
437 1847 510 1894 eum
537 1845 640 1894 causa
664 1825 854 1894 devocionis
877 1827 1122 1896 diuertissemus
1138 1829 1250 1895 llcole-

7 1965 8 1978 t
128 1941 212 2004 siam
238 1936 333 2004 Beati
357 1937 491 2006 Martini
507 1935 549 2002 de
566 1936 669 2004 Sacro
686 1938 798 2004 Monte
812 1935 981 2004 Pannonia
996 1938 1138 2023 preciosi
1154 1939 1251 2006 Chri·

128 2048 170 2114 sti
195 2045 396 2114 contessoris
420 2044 565 2130 visitare,
593 2044 791 2112 venerabilis
817 2045 867 2112 vir
882 2045 1072 2114 Bonifacius
1089 2046 1201 2114 Abbes
1218 2053 1252 2114 et

7 2161 8 2234 ξ
128 2155 247 2222 iratres
263 2153 409 2222 eiusdem
425 2153 577 2221 Eccleaie
594 2153 857 2222 condicionsrics
873 2154 1014 2242 populos
1025 2173 1102 2224 suos
1112 2173 1150 2221 ae
1166 2156 1251 2223 elios

127 2279 242 2328 omues
266 2281 324 2349 per
348 2261 497 2329 diuersos
527 2262 739 2330 collectarum
770 2269 941 2330 exactores
957 2262 1190 2331 miserabiliter
1205 2263 1249 2330 lu-

7 2433 8 2466 ]
126 2373 192 2438 isse
218 2375 420 2457 aggrauatos
445 2368 544 2438 uobis
567 2368 795 2454 conquerendo
813 2371 999 2457 significare
1015 2380 1178 2456 curarunt,
1195 2393 1250 2459 pe·

7 2485 8 2524 ³
125 2486 235 2547 mutes
259 2486 293 2547 vt
316 2484 453 2566 propter
467 2479 576 2546 anime
592 2483 704 2546 nostre
724 2479 869 2546 salutem
885 2480 968 2566 ipsis
983 2483 1114 2567 populis
1129 2482 1178 2550 sio
1193 2482 1250 2548 mi·

124 2587 314 2656 serabiliter
337 2586 530 2672 aggrauatis
554 2591 588 2654 et
613 2585 748 2664 afflictis
775 2587 993 2657 releuaciouis
1013 2587 1192 2656 remedium
1208 2609 1271 2657 ex·

7 2701 8 2784 ἶ
125 2703 280 2784 suscepte
303 2693 535 2764 sollicitudinis
561 2693 671 2762 officio
695 2693 853 2762 adhibere
879 2696 1105 2782 deguaremur,
1120 2697 1248 2783 priuile-

124 2807 214 2893 gium
230 2803 344 2874 Sancti
367 2803 467 2886 Regis
489 2802 649 2888 Stephani
665 2801 913 2888 predecessoris
928 2804 1032 2870 nostri
1048 2806 1244 2876 exhibendo.

126 2915 228 2986 Ouios
253 2918 366 2980 teume
391 2911 558 2997 perlecto,
584 2910 662 2996 quia
688 2910 906 2996 comperimus
931 2911 1100 2980 euidenter
1124 2919 1158 2980 et
1180 2913 1245 2984 tide

126 3024 257 3092 oculata
266 3016 465 3106 inspeximus
475 3019 510 3086 iu
521 3019 647 3100 eodem,
660 3037 701 3086 ex
713 3015 818 3087 torma
829 3017 946 3086 indulti
955 3020 1100 3089 eiusdem
1110 3025 1246 3091 sanctis·

125 3132 199 3200 simi
213 3127 457 3216 predecessoris
473 3126 577 3194 nostri
592 3128 701 3215 ipsum
727 3127 963 3197 monesterium
976 3135 1009 3197 et
1025 3130 1175 3200 Ecclesie
1190 3153 1247 3218 po-

7 3317 8 3330 ]
124 3241 235 3326 pulum
250 3237 294 3306 ah
309 3239 397 3306 omui
413 3235 640 3322 inquietudine
655 3244 834 3324 semotum;
860 3259 920 3308 uos
942 3239 1088 3308 eiusdem
1105 3241 1244 3311 sanetis·

126 3349 199 3418 simi
225 3345 327 3434 Rapis
352 3345 511 3433 Stephani
536 3343 685 3414 felicibus
711 3345 864 3432 vestigiis
880 3345 1067 3419 inbereutes
1083 3351 1244 3420 concessi·

125 3475 196 3528 mus
221 3457 407 3543 statuendo,
434 3453 523 3540 quod
547 3453 823 3538 quemadmodum
848 3476 870 3524 a
890 3455 1017 3543 jndicio
1034 3463 1067 3524 et
1081 3464 1246 3544 potestate

127 3585 166 3634 ae
186 3563 423 3653 jurisdiceioue
448 3562 592 3632 omnium
613 3561 772 3649 judicum,
791 3570 826 3633 et
850 3565 1073 3646 uniuersorum
1099 3567 1245 3652 judicum

127 3673 367 3762 parochialium
380 3691 440 3740 seu
448 3669 668 3758 ricejudicnm
677 3691 719 3740 ac
728 3671 898 3741 curialium
908 3673 1062 3742 comitum
1072 3676 1245 3744 eorundem

127 3783 284 3854 exterma
299 3781 463 3872 priuilegii
478 3799 581 3868 supra
597 3780 679 3852 dicti
696 3779 850 3869 expediti
866 3787 943 3850 suut
956 3782 1086 3869 penitus
1096 3789 1129 3852 et
1138 3803 1242 3854 exem·

127 3890 190 3977 pti3
215 3891 265 3958 ita
288 3891 391 3958 ceiam
406 3907 428 3956 a
442 3889 696 3976 vexacionihus,
712 3889 881 3976 molestiis,
898 3889 1195 3974 inquietaciouihue
1211 3900 1245 3964 et

127 3999 381 4087 precaminibus,
396 4018 460 4084 que
474 4017 535 4084 per
551 3997 746 4068 collectores
771 4004 840 4068 tam
855 3998 1042 4068 victualium
1068 4020 1166 4086 quam
1190 4000 1243 4070 de·

127 4109 287 4178 uariorum
301 4126 361 4177 seu
376 4107 599 4192 quarumlibet
621 4107 761 4176 aliarum
775 4106 955 4176 manierum
969 4111 1105 4194 possent
1120 4105 1168 4176 eis
1183 4109 1241 4177 im·

126 4217 210 4305 peni,
225 4216 378 4286 mandmi
387 4224 422 4285 et
431 4216 549 4304 iuberi,
566 4217 713 4304 expediti
727 4217 914 4287 habeantur
928 4216 1069 4307 penitus,
1081 4237 1171 4286 more
1185 4237 1241 4304 po·

127 4328 275 4416 pelorum
299 4325 452 4396 Ecclesia
476 4324 642 4412 Alliensis,
667 4332 700 4396 et
715 4327 878 4414 exempti;
903 4327 951 4394 ita
972 4332 1094 4410 tamen,
1110 4325 1196 4408 quod
1211 4347 1241 4394 a·

126 4454 266 4523 unquam
291 4435 326 4504 in
349 4434 464 4522 Regno
489 4439 602 4505 nostro
627 4434 835 4522 generaliter,
862 4433 915 4502 rel
938 4435 973 4501 in
988 4431 1152 4520 aliquibus
1166 4435 1240 4522 proi

126 4544 242 4616 uiueiis
265 4541 582 4629 siueltlomitatibus,
599 4543 633 4610 iu
649 4542 768 4628 quibus
783 4541 907 4612 fuerim
921 4541 1035 4631 populi
1051 4545 1240 4626 monasterii

125 4676 221 4744 cupra
237 4656 327 4742 dieti,
344 4653 531 4744 specialiter
546 4653 719 4728 collectam
734 4652 879 4741 aliquam
902 4654 937 4724 iu
951 4653 1106 4754 denariis,
1136 4653 1236 4745 bgnis
