3230 5268
668 290 833 362 rto*

616 382 679 392 ιιι-ρ.
690 381 778 392 ...ι-...α

126 495 197 558 tres
220 495 330 558 metas
355 497 483 556 terreae
508 487 697 572 angulares,
721 486 778 559 vbi
793 489 986 572 relinquitur
1000 489 1153 561 vicinitas
1167 495 1254 564 tetro

31 661 38 671 .
127 599 269 684 Ceosgij
296 604 331 666 ct
347 595 483 664 fitiorum
499 615 642 682 snorum,
660 604 693 665 et
709 601 797 665 terra
811 597 901 664 Petri
916 616 957 666 ae
972 597 1105 666 Nicolai
1119 598 1255 686 filiorum

127 705 324 790 Lenstachij
343 703 461 788 Zapud
477 711 611 788 vocata,
637 706 701 774 sita
725 706 769 772 ab
795 703 974 800 occidente,
1002 705 1117 792 incipit
1143 711 1256 776 tenere

126 816 332 884 uicinitatem
349 831 422 878 oum
438 819 529 880 terra
546 809 682 882 Comitis
697 811 816 895 Bodur,
843 790 978 896 quarum
1004 813 1137 898 quidem
1162 813 1258 886 trium

128 929 293 990 metarum
309 940 376 988 vna
390 925 528 1004 separat
543 918 684 1002 Georgio
700 925 734 984 et
749 917 829 1002 filijs
845 919 923 1002 suis,
941 920 1049 988 altera
1063 918 1142 1001 tiliis
1171 919 1257 990 Lou-

127 1028 247 1112 stachi,
265 1029 369 1096 tercia
384 1047 462 1096 uero
479 1025 596 1092 Comiti
621 1026 752 1110 Bostar,
779 1025 856 1094 hinc
880 1025 1118 1094 iuxtaterram
1143 1028 1258 1113 Zapnd

127 1137 173 1204 ab
190 1135 363 1204 occidente
379 1139 602 1202 remanentem
627 1133 811 1203 declinatur
837 1153 953 1202 versus
978 1137 1256 1221 septemtrionem,

128 1245 304 1327 eundoque
319 1264 380 1331 per
404 1243 562 1310 fossatum
589 1242 756 1324 quoddam
781 1243 865 1306 erat
888 1241 1009 1308 dictum
1032 1244 1125 1315 vadit
1140 1245 1184 1312 ad
1199 1245 1256 1317 du·

130 1372 169 1422 as
198 1359 306 1422 metas
330 1359 464 1428 terreas,
490 1358 576 1416 terre
601 1347 719 1434 Zapud
738 1357 772 1416 et
787 1350 907 1417 Comiti
923 1351 1033 1418 Bodnr
1048 1361 1254 1438 separantes,

127 1461 237 1530 eunuc
263 1458 298 1524 in
322 1459 493 1525 vicinitate
517 1465 603 1526 terre
637 1456 753 1541 Zapnd
780 1457 823 1524 ab
849 1457 1019 1526 occidente
1044 1461 1256 1546 remanentis,

127 1587 188 1658 per
204 1567 393 1653 geminatae
408 1571 515 1632 metes
530 1571 658 1633 terreas
674 1562 707 1630 in
724 1573 797 1631 oeto
813 1565 898 1634 loeis
914 1583 1000 1632 nouo
1015 1568 1153 1651 positas,
1170 1573 1256 1638 terre

126 1675 245 1762 Zapud
264 1682 297 1742 et
312 1674 431 1744 Comiti
446 1674 558 1740 Bodur
573 1681 777 1758 separantes,
803 1673 838 1742 in
863 1693 983 1756 magno
1006 1675 1121 1760 spacio
1147 1676 1254 1750 eundo

128 1786 257 1854 direete
272 1801 386 1851 versus
402 1782 669 1867 septemtrionem
686 1782 816 1848 venitur
840 1783 884 1850 ad
908 1787 976 1848 tres
1000 1789 1105 1850 metas
1129 1789 1257 1854 terreas

127 1894 322 1978 angulares,
340 1909 476 1974 quarum
491 1910 559 1958 vna
574 1897 710 1974 separat
724 1896 810 1958 terre
830 1890 956 1978 Zapud,
983 1892 1076 1958 cuius
1100 1892 1256 1964 vicinitas

130 2002 202 2070 illic
227 1998 442 2083 terminatur,
469 1997 574 2066 altera
598 2005 685 2067 terre
701 1999 895 2084 Monasterij
911 1997 952 2064 de
972 2000 1087 2068 Bata
1110 2005 1257 2088 Apaty

128 2107 261 2197 (apati)
277 2113 405 2189 vocate,
422 2125 486 2189 que
501 2123 574 2172 cum
590 2125 651 2174 sua
665 2105 836 2174 vicinitate
860 2103 969 2191 ipsam
984 2111 1104 2174 terrem
1121 2106 1257 2176 Comitis

1 2255 2 2290 1
127 2218 241 2288 Bednr
256 2217 292 2284 in
306 2214 436 2282 modion
453 2213 604 2297 attingit,
630 2219 663 2280 et
688 2215 771 2282 siiue
794 2215 913 2294 Regali
936 2213 1147 2300 Mooregy
1173 2212 1255 2301 (ido-

1 2391 2 2420 ,
127 2321 227 2413 rtgy)
253 2329 450 2406 nuncupate,
476 2322 581 2390 tercia
607 2339 684 2390 vero
710 2321 828 2389 Comiti
852 2320 986 2407 Bodur;
1012 2321 1137 2392 abhinc
1157 2325 1256 2396 telin.

130 2431 261 2519 quondo
286 2431 488 2500 vicinitatem
514 2437 600 2498 terre
625 2433 748 2518 Apaty,
764 2430 799 2496 'uu
813 2427 982 2500 vicinitate
1009 2430 1093 2500 eilue
1117 2431 1256 2514 Morem

129 2541 171 2610 ab
187 2539 344 2626 aquilone
360 2541 570 2621 remanentis,
588 2537 770 2622 regreditur
785 2558 899 2607 versus
916 2539 1082 2619 orientem,
1099 2539 1255 2623 venitque

131 2648 175 2716 ed
190 2648 275 2714 dues
291 2653 396 2714 metas
412 2652 539 2712 terreas
555 2647 647 2712 iuxta
663 2645 829 2728 quandam
847 2647 967 2714 vallem
989 2645 1181 2730 existentes,
1209 2648 1255 2714 in·

1 2777 2 2862 ἐ
131 2767 180 2826 ter
197 2757 317 2826 siluam
342 2753 482 2840 Moraag
498 2761 531 2822 et
546 2742 632 2822 inter
648 2755 808 2823 Comitem
823 2754 933 2822 Bodur
949 2761 1163 2840 separantes3
1180 2754 1257 2830 hinc

129 2863 337 2934 descenditur
352 2864 387 2932 in
403 2863 525 2932 vallem
548 2881 665 2930 versus
683 2864 853 2948 orientem,
879 2864 970 2930 iuxta
995 2863 1115 2930 siluam
1143 2863 1257 2948 idorag

1 2957 2 2974 ¹
130 2974 172 3042 ab
189 2973 345 3057 aquilone
362 2971 468 3056 sitam,
486 2970 702 3055 saliendoque
718 2991 834 3040 versus
854 2972 1028 3056 orientem,
1055 2972 1161 3055 ipsam
1186 2972 1255 3040 val·

133 3083 197 3148 lem
223 3080 258 3146 in
296 3077 508 3148 ascendendo
534 3081 567 3146 in
602 3085 745 3148 montem
774 3081 844 3147 siue
878 3078 987 3158 bouet,
1017 3079 1051 3144 in
1089 3079 1256 3146 vicinitate

129 3190 213 3260 sitne
238 3189 377 3270 Moraag
403 3185 447 3252 ab
472 3187 626 3269 aquilone
642 3187 854 3269 remanentis,
870 3189 904 3253 in
924 3186 1037 3253 eadem
1064 3186 1154 3252 teet
1179 3194 1256 3261 eunt

129 3297 191 3368 due
208 3302 297 3363 mete
313 3303 400 3362 terre
417 3293 503 3360 inter
529 3293 648 3362 siluam
661 3295 780 3380 Morag
795 3301 827 3364 et
852 3295 936 3362 inter
961 3295 1122 3364 Comitem
1145 3294 1256 3364 Bodur

1 3467 2 3470 ,
130 3409 343 3493 separantes;
360 3401 436 3470 iude
451 3403 516 3470 itur
531 3422 643 3470 versus
660 3402 827 3486 orientem,
842 3402 887 3470 ad
904 3401 988 3470 duas
1004 3409 1109 3468 metas
1131 3409 1257 3474 terreat

1 3545 2 3566 t
130 3517 324 3597 separantes
349 3511 435 3577 inter
459 3511 576 3576 siluam
610 3512 722 3592 diorag
746 3517 779 3576 ct
803 3510 964 3578 Comitem
988 3509 1118 3595 Bodur;
1136 3511 1256 3582 exinde

1 3689 2 3706 ,
131 3620 222 3686 vadit
238 3618 346 3685 adhuc
361 3623 471 3684 verius
489 3618 649 3686 orientem
675 3618 719 3684 ad
735 3616 819 3684 duas
846 3623 951 3684 metas
977 3625 1102 3684 terreas
1130 3619 1164 3683 in
1189 3619 1254 3686 fine

131 3727 276 3794 eiusdem
302 3726 390 3790 teret
414 3727 506 3810 sitas,
524 3725 607 3792 inter
632 3725 751 3792 siluam
777 3725 913 3808 Moraag
929 3731 962 3792 et
986 3727 1071 3792 iuter
1097 3724 1257 3794 Comitem

133 3835 243 3903 Bodnr
259 3839 474 3920 separantes3
490 3834 613 3900 abinde
629 3835 663 3899 in
679 3831 844 3900 vicinitate
870 3833 952 3900 silue
967 3833 1093 3917 Morag,
1111 3833 1154 3898 ab
1165 3834 1256 3917 aqui·

1 4031 2 4034 ¹
131 3945 204 4010 ioue
229 3941 411 4027 existentis,
438 3942 543 4010 eundo
570 3961 683 4010 versus
711 3942 870 4008 orientem
885 3941 1014 4009 venitur
1030 3941 1075 4008 ad
1092 3941 1175 4008 duas
1191 3962 1257 4010 mc-

132 4063 175 4118 tas
200 4061 338 4133 terreas,
364 4049 514 4116 similiter·
539 4051 624 4116 inter
650 4050 768 4114 siluam
792 4051 909 4130 Morng
934 4054 967 4112 et
992 4048 1077 4113 inter
1097 4045 1258 4114 Comitem

1 4188 2 4193 ¹
132 4158 240 4227 Bodur
257 4158 525 4242 destinguentes5
548 4155 665 4224 deinde
682 4157 772 4223 iuxta
797 4157 913 4221 siluam
929 4155 1045 4239 Morag
1062 4155 1126 4221 itur·
1142 4173 1257 4222 versus

133 4268 298 4349 orientem,
316 4268 510 4348 veniturque
526 4265 571 4332 ed
598 4270 667 4329 tres
691 4269 797 4330 metas
813 4271 938 4329 terreas
965 4262 1143 4343 angulares
1166 4262 1259 4328 iuxta

133 4375 298 4460 quoddam
324 4373 485 4441 fossatum
519 4373 603 4438 annio
628 4377 789 4456 vocatum,
805 4372 898 4456 sitas,
922 4387 1059 4453 quarum
1084 4389 1149 4436 vna
1173 4372 1258 4437 iuter

132 4484 246 4550 siluam
262 4482 387 4566 Morap,
404 4481 495 4548 cuius
511 4479 662 4548 vicinitas
677 4479 746 4544 iiiie
762 4481 963 4560 terminetur,
983 4479 1089 4544 altera
1102 4477 1257 4543 interter-

132 4610 199 4662 ram
215 4589 337 4660 Kuesd
353 4592 504 4676 superius
520 4587 730 4674 nominatam,
746 4606 820 4656 cum
835 4606 900 4670 qua
919 4586 1034 4672 incipit
1050 4591 1161 4656 tenere
1177 4584 1256 4655 vici·
