3230 5268
853 466 873 475 ..
889 375 973 474 ..196
985 464 1012 473 .-

375 593 509 642 ssruare
528 575 617 660 apud
634 592 770 657 eumque
786 574 926 660 propriis
938 572 1092 658 expensis
1104 574 1137 636 11
1147 567 1316 634 laborihus
1332 571 1492 633 teneatur.

373 687 411 750 In
437 683 530 767 eujus
555 683 603 750 rei
626 681 842 748 testimonium
870 686 1041 766 presentes
1068 674 1261 744 contulimus
1277 673 1377 758 sigilli
1391 671 1496 737 nostri

373 793 550 858 munimine
576 793 757 858 roboratas.
790 790 908 855 Datum
940 809 1027 855 anuo
1059 783 1191 852 Domini
1216 782 1274 847 htl.
1301 779 1378 846 00⁰.
1406 779 1493 844 LX'.

373 907 501 968 octauo.
527 899 686 984 Gregorio
703 899 895 984 Prepesito‚
922 897 1008 964 Jona
1024 898 1159 961 Lentone
1169 944 1178 977 ,
1195 891 1326 958 Matheo
1343 890 1495 954 (lautores

372 1011 475 1076 Paulo
491 1008 632 1075 Orestode
648 1007 681 1072 in
699 1007 850 1074 Ecclesia
865 1008 968 1072 Beate
994 1001 1140 1087 Virginis
1167 999 1238 1066 Deo
1264 999 1382 1066 deuote
1403 994 1497 1062 mini-2

373 1116 565 1184 strantihus.

483 1313 596 1382 Jegyaal.
616 1308 813 1382 Blirhtrtytra
835 1307 903 1364 irott
929 1312 1065 1364 metsaett
1077 1304 1162 1372 level,
1176 1302 1319 1376 mellyueh
1334 1301 1394 1356 alril
1407 1296 1498 1367 folhsj

372 1405 427 1457 tots
439 1399 651 1456 hasadekaibbl
665 1405 749 1456 stiriis
764 1397 795 1454 es
809 1401 874 1454 sold
890 1397 1045 1470 selyomrb'l
1058 1395 1148 1468 ftiggb
1171 1393 1288 1449 morsorii
1309 1389 1426 1462 peesete
1449 1387 1497 1443 ek·

371 1493 454 1563 korig
466 1491 622 1548 kiadatlun.
637 1489 663 1544 A
682 1488 763 1545 vhczi
776 1487 976 1560 kttptelauuak
991 1488 1061 1542 csalx
1074 1485 1125 1540 hot
1146 1481 1262 1556 possete
1284 1499 1340 1537 van
1365 1479 1492 1534 hiedva:

374 1581 454 1636 1457.
476 1578 506 1635 es
529 1581 608 1634 1700.
632 1577 765 1635 evekbb'l.
778 1579 912 1650 (Magyar
931 1575 1091 1632 tb'rte'nelmi
1114 1573 1167 1630 teir.
1190 1574 1311 1644 illel.
1327 1569 1441 1641 5156.)
1456 1571 1495 1624 Es

377 1671 436 1726 189.
450 1668 535 1726 evvel
547 1668 657 1740 regibb.
671 1667 710 1742 (A
723 1667 830 1723 hethei
843 1666 1034 1725 leveltbrbau.
1049 1667 1109 1722 AL.
1124 1684 1150 1718 n.
1166 1663 1220 1731 10.)
1241 1652 1320 1729 E'1rlp.

899 2541 975 2605 las,

369 2765 429 2830 IV.
440 2759 636 2847 Belokircilp
646 2783 666 2824 a
675 2757 901 2844 pannonhalma'
916 2757 1114 2844 apdtsdgnalc
1130 2757 1288 2822 Deneobcn
1304 2757 1380 2821 talto
1393 2757 1493 2822 clott-

370 2870 464 2935 oaloit
489 2867 617 2956 epyedtll
641 2891 679 2932 aa
705 2869 840 2954 apdtsdp
864 2867 1140 2952 tiiroenylraloecipa
1165 2867 1220 2929 ald
1245 2865 1491 2951 heipczettekncle

740 2975 992 3062 opilbtkoztatja.
1018 2975 1116 3039 1269.

455 3280 458 3288 Ι
474 3191 556 3257 Β111
572 3189 635 3256 Dei
650 3191 765 3274 gracie
782 3190 968 3276 hungarie,
989 3189 1160 3256 Dalmacie
1170 3240 1179 3275 ,
1204 3190 1339 3257 Oroacie
1348 3241 1357 3276 ,
1375 3191 1490 3274 Reme,

369 3301 498 3383 Seruis,
517 3297 675 3382 Gallicis,
698 3297 912 3378 Lodomerie,
930 3297 1153 3381 (inmaniaque
1169 3299 1238 3364 Rex
1255 3299 1402 3365 omnihus
1421 3305 1491 3363 tam

367 3408 570 3496 presentibus
587 3425 684 3490 quam
701 3404 819 3472 suturis
835 3411 1008 3490 presentes
1027 3405 1156 3474 litteras
1174 3405 1374 3490 inspecturis
1400 3407 1490 3472 salu·

366 3527 433 3585 tem
461 3519 494 3583 in
511 3512 653 3584 omnium
679 3513 862 3580 Scluatore.
890 3513 943 3580 Ad
963 3513 1189 3580 uniuersorum
1204 3513 1358 3579 noticiam
1374 3513 1490 3581 harum

366 3627 451 3694 serie
466 3625 614 3692 uolumus
629 3624 799 3707 peruenire
816 3645 824 3685 :
843 3621 937 3701 Quod
961 3641 1020 3688 nos
1046 3619 1235 3688 inherentes
1262 3621 1413 3692 felicibus
1430 3623 1490 3691 Sa·

368 3731 543 3802 cratissimi
558 3731 661 3816 Regis
676 3731 834 3818 Stephani
850 3731 1071 3818 progenitoris
1088 3732 1195 3798 nostri
1211 3731 1358 3816 vestigiis
1375 3737 1408 3797 et
1423 3729 1490 3818 pri·

366 3839 519 3926 uilegium
547 3837 708 3906 libertatis
734 3858 793 3906 seu
810 3837 1030 3922 exemptionis
1049 3838 1178 3924 populis
1195 3839 1389 3908 monasterii
1404 3839 1488 3907 San·

367 3949 411 4016 eti
435 3947 567 4016 Martini
593 3947 635 4013 ds
650 3947 752 4012 Sacro
778 3947 888 4012 Monte
913 3946 1080 4012 Pannonis
1107 3945 1149 4012 ab
1167 3947 1240 4034 ipso
1257 3948 1381 4018 Sancto
1397 3949 1488 4034 Rege

366 4055 532 4140 Stephano
549 4054 603 4138 pie
619 4059 652 4119 et
667 4053 839 4120 salubriter
855 4053 898 4119 ab
914 4055 1047 4138 antiquo
1069 4073 1255 4122 concessum
1272 4077 1314 4122 ex
1329 4057 1486 4142 specialis

366 4162 558 4230 dileccionis
576 4160 697 4244 fauore,
725 4181 788 4244 quo
813 4161 995 4245 predictum
1021 4163 1251 4231 monasterium
1267 4165 1382 4231 Sancti
1399 4163 1484 4230 hiar-

364 4272 424 4338 tini
449 4291 508 4357 pre
523 4271 639 4338 celeris
656 4269 863 4337 monasteriis
886 4275 920 4336 et
945 4270 1102 4338 Ecclesiis
1120 4271 1224 4358 Regni
1241 4273 1344 4340 nostri
1359 4273 1483 4358 ample·

366 4399 489 4466 ramur,
507 4379 551 4447 acl
567 4379 724 4463 quosdam
741 4377 824 4442 alios
845 4375 991 4461 ejusdem
1009 4381 1199 4447 monasterii
1215 4382 1354 4468 populos
1370 4389 1481 4448 exten·

367 4487 488 4572 dentes,
504 4487 614 4554 villam
630 4505 688 4554 seu
708 4489 826 4553 terram
843 4485 947 4565 ipsius
963 4489 1149 4552 monasterii
1166 4487 1306 4572 Dijeuus
1322 4509 1483 4576 nuncupe-

367 4603 430 4657 tann
456 4595 488 4659 in
516 4597 675 4662 comitatu
700 4593 891 4661 Posonisusi
917 4593 950 4658 iu
976 4593 1201 4680 Chyalloukun
1227 4597 1420 4664 existentem
1440 4593 1483 4660 ad

367 4699 469 4768 instar
485 4703 622 4788 predicti
640 4699 800 4788 priuilegll
817 4704 927 4770 Sancti
944 4703 1044 4790 Regis
1060 4727 1081 4770 a
1092 4705 1329 4790 jurisdictione
1346 4705 1481 4776 comitis
