3270 5280
920 311 964 377 34

380 508 510 576 litteras
526 508 627 594 sigilli
644 509 746 574 nostri
763 508 941 576 munimine
954 508 1091 574 lecimus
1100 505 1258 572 roborari.
1274 506 1397 572 Datum
1413 520 1506 572 auno

380 615 512 683 Domini
526 615 577 682 Μο
593 615 664 684 00⁰
680 615 888 701 sexagesimo
904 613 1057 682 secundo.

595 789 738 860 (liredetis
756 809 775 850 a
792 790 894 850 lslesui
912 791 1041 849 loncent
1058 785 1279 860 leudtdrtlbon.)

827 1087 1032 1103 ιιι-Ἠ

907 1507 964 1577 at.

374 1707 434 1773 IV.
451 1703 533 1770 Belo
548 1727 569 1768 α
583 1708 685 1792 pcipdt
710 1704 843 1792 ertcsiti,
869 1703 1051 1790 luopykdzte
1067 1703 1285 1789 &spiculatorio
1303 1699 1377 1766 lcdzl
1393 1723 1415 1764 o
1432 1699 1505 1765 be'lce

678 1813 709 1875 ea
722 1811 887 1897 oppetenda
902 1809 1077 1897 lelyreollr.
1095 1811 1194 1876 1263.

481 2007 698 2078 Sanctissimo
725 2006 810 2093 patri
837 2026 876 2073 ac
903 2007 1034 2074 domino
1061 2002 1226 2094 U(rbano)
1254 2005 1378 2073 Diuina
1394 2002 1502 2090 provi·

373 2113 492 2186 dencia
511 2117 730 2183 Sacrosancte
754 2115 898 2181 Romane
925 2114 1075 2182 Ecclesia
1091 2115 1223 2183 Summo
1240 2111 1402 2197 Pontifici,
1420 2112 1504 2180 Bela

372 2225 434 2291 Dei
451 2225 565 2310 gracia
582 2221 759 2307 Hungarie,
777 2220 958 2308 Dalmacie,
971 2223 1118 2308 Oroacie,
1129 2220 1244 2308 Rome,
1263 2221 1391 2302 Seruic,
1409 2218 1503 2305 (Gal-

371 2327 472 2415 lioie),
489 2330 683 2399 Lodomerie
700 2323 889 2414 (Cumanie)
905 2348 969 2413 qne
985 2333 1055 2396 Rex
1070 2329 1296 2398 reuerenciam
1314 2325 1452 2394 filialem
1469 2334 1504 2392 et

371 2437 490 2504 devota
506 2435 623 2523 pedum
640 2436 754 2503 oscula
771 2436 949 2504 beatorum.
990 2438 1159 2506 Suscitata
1183 2437 1262 2502 olim
1286 2437 1373 2502 inter
1391 2433 1453 2502 nos
1470 2440 1503 2500 et

370 2543 581 2612 karissimum
606 2543 709 2610 filium
734 2553 882 2612 nostrum
908 2545 1034 2631 Regem
1058 2546 1262 2632 stephanum
1283 2543 1453 2614 discordia
1470 2551 1503 2609 et

370 2652 511 2720 materia
528 2649 719 2736 questionis,
748 2671 789 2717 ex
800 2671 873 2737 'qna
890 2654 922 2719 in
939 2653 1054 2740 Regno
1070 2659 1183 2722 nostro
1198 2651 1305 2719 multa
1321 2650 1503 2738 dispendia

370 2767 404 2826 et
419 2758 610 2826 discrimina
627 2758 833 2843 timebantur,
843 2761 873 2826 si
887 2761 1071 2848 durassent,
1087 2762 1271 2847 provenire,
1287 2760 1502 2828 uenerabiles

368 2875 481 2953 patres
496 2866 730 2951 strigoniensis
746 2874 779 2932 et
789 2867 981 2938 Colocensis
1001 2870 1250 2956 Archiepiscopi
1260 2870 1305 2936 ad
1315 2866 1502 2937 sedandam

367 2973 553 3042 huiusmodi
578 2972 782 3041 discordiam
813 2975 1077 3061 interposuerunt
1101 2995 1174 3043 cum
1203 2975 1357 3043 efficacia
1386 2981 1502 3060 partes

369 3103 457 3166 suas,
475 3089 595 3150 ettunc
612 3081 773 3149 internos
799 3092 831 3150 et
855 3084 961 3169 ipsunt
986 3082 1087 3151 filium
1103 3091 1252 3152 nostrum
1269 3084 1311 3150 de
1334 3101 1502 3150 consensu

366 3197 400 3257 et
413 3189 622 3275 beneplacito
638 3191 917 3276 utriusquepartis
928 3197 1024 3276 grata
1040 3199 1074 3259 et
1090 3191 1277 3260 amicabilis
1294 3191 1499 3277 composicio

367 3298 553 3383 intervenit,
570 3315 668 3381 quam
686 3299 726 3364 de
744 3297 879 3364 consilio
896 3303 928 3364 et
944 3300 1313 3386 assensuPrelatorum,
1331 3297 1499 3366 Comitum

266 3404 268 3408 ’
366 3415 400 3474 et
414 3408 587 3475 Procerum
612 3411 797 3472 nostrorum
822 3404 1020 3472 firmavimus
1044 3405 1120 3472 hino
1147 3407 1225 3474 inde
1250 3407 1396 3494 propriis
1413 3409 1500 3473 iura-

365 3517 495 3600 mentis,
513 3520 546 3581 et
560 3518 684 3595 nostro,
700 3513 913 3596 Prolatornm,
931 3514 1116 3599 Principum
1128 3516 1348 3585 acBaronum
1365 3523 1498 3584 nostro·

365 3644 435 3690 rum
451 3621 570 3708 sigillis
596 3619 733 3686 fecimus
760 3618 919 3686 roborari.
957 3619 1078 3687 Delato
1106 3627 1316 3706 postmodum
1332 3625 1377 3692 ad
1396 3643 1497 3692 aures

363 3729 481 3798 Vestre
498 3725 694 3796 Sanctitatis
709 3725 896 3793 huiuamodi
913 3725 1076 3793 discordie
1097 3745 1239 3815 rumore,
1263 3731 1396 3820 placuit
1413 3733 1498 3801 Bea-

363 3834 503 3902 titudine
520 3833 636 3901 Vestre
662 3833 706 3899 ad
731 3851 792 3900 uos
818 3839 852 3898 et
875 3832 996 3898 dictum
1021 3841 1166 3902 nostrum
1179 3834 1280 3903 tilium
1298 3837 1497 3926 religiosum

363 3945 478 4030 virum,
494 3943 669 4029 providum
686 3949 718 4008 et
733 3941 911 4007 discretum
927 3939 1062 4008 fratrem
1078 3943 1265 4031 Velasoum,
1283 3945 1498 4023 Ponitenoia-

363 4053 444 4121 rium
462 4059 496 4120 el
522 4053 738 4139 Capelianum
765 4056 921 4133 vestrum,
945 4051 1166 4118 transmittere
1192 4053 1237 4121 ad
1264 4071 1383 4139 paoem
1409 4055 1499 4123 inter

362 4179 422 4228 nos
442 4167 475 4226 et
498 4159 706 4226 concordiam
732 4156 919 4224 faciendam
946 4163 978 4223 et
1004 4159 1129 4244 pariter
1153 4159 1420 4229 reformandam:
1438 4161 1497 4248 qui

361 4273 528 4351 tamquam
545 4266 596 4334 vir
610 4266 767 4352 providus
792 4271 824 4331 et
849 4262 1011 4331 discretus
1035 4272 1069 4331 et
1092 4265 1351 4354 circumspectus
1367 4269 1498 4337 monita

361 4375 454 4460 pacis
472 4383 505 4444 et
520 4373 772 4442 exhortaciones
789 4371 1003 4458 quamplures
1023 4373 1120 4442 nobis
1136 4373 1274 4456 faciens,
1292 4393 1367 4442 cum
1386 4377 1495 4446 multa

359 4483 523 4548 instancia
553 4481 742 4568 postulauit,
759 4487 792 4546 et
808 4499 868 4546 nos
894 4477 1047 4548 inducere
1067 4481 1242 4564 nitebatur,
1259 4491 1296 4548 ul
1312 4485 1494 4554 cuiuslibet

358 4581 578 4657 dissensionis
595 4608 706 4655 errore
723 4588 838 4670 fugato
856 4592 888 4656 et
904 4605 1052 4672 rancore,
1068 4587 1187 4672 siquis
1207 4599 1296 4660 esset
1313 4592 1494 4680 internos,
