3250 5268
158 1201 296 1289 Jopyztt
311 1198 534 1287 biaoayttodnp
549 1199 821 1288 lmwotarttntt,
839 1201 1043 1290 Spolutobm
1061 1205 1157 1271 1226.

208 1400 248 1466 In
264 1399 397 1467 nomine
423 1396 557 1468 Domini
582 1397 683 1466 nostri
698 1397 781 1467 lesu
807 1396 928 1470 christi
953 1402 1068 1470 Amen.
1094 1402 1227 1474 Annos

102 1507 290 1578 Nativitate
306 1506 454 1576 eiusdem
472 1505 647 1576 millesimo
664 1506 887 1579 ducentesimo
897 1511 1106 1598 sexagesimo
1119 1518 1226 1598 sexto,

103 1617 289 1684 lndiotione
301 1635 398 1700 nona,
409 1615 463 1682 die
479 1613 724 1702 quartadecima
740 1616 893 1686 intrantis
909 1619 1044 1704 Aprilis.
1055 1620 1227 1704 Reguaute

99 1723 326 1794 dominoBela
343 1721 558 1792 Serenissimo
574 1724 663 1808 Rege
680 1725 847 1810 Ungarie3
864 1731 1009 1812 tempore
1026 1727 1149 1794 domini
1164 1729 1226 1798 Ro·

100 1833 183 1918 gerii
200 1830 411 1900 Venerabilis
427 1831 637 1920 Spalateusis
662 1833 919 1921 Arohiepiseopi,
938 1835 1062 1904 domini
1087 1835 1226 1904 Rolaudi

106 1939 250 2010 Illustris
268 1941 373 2008 tocius
390 1941 563 2010 Selavouie
581 1941 665 2009 Bani
681 1948 714 2010 et
730 1942 866 2011 Comitis
882 1943 1099 2028 Spalateusis,
1115 1943 1224 2014 lliolre

98 2049 222 2135 lladis,
238 2049 340 2118 Dobri
364 2049 508 2118 Dlisoize
532 2056 566 2116 et
590 2051 760 2119 Kammoii
784 2052 873 2119 Petri
887 2051 1047 2138 ludieum,
1074 2053 1225 2140 Dragan.

99 2159 268 2228 Radouriri
285 2156 442 2228 conduxit
457 2171 490 2226 et
507 2159 636 2244 aceepit
651 2160 695 2227 ad
711 2159 944 2246 pastinandum
960 2183 981 2229 a
997 2163 1126 2251 Duymo
1142 2164 1215 2232 Kas

31 2271 33 2284 '
98 2269 179 2354 sarij
196 2275 317 2336 terram
334 2287 437 2351 suam,
463 2287 560 2352 quam
585 2268 780 2352 habebatis
797 2267 920 2354 Dilato,
937 2271 1129 2356 promittens
1153 2271 1226 2358 ipse

98 2376 243 2462 Dragan
259 2377 344 2444 bene
360 2383 393 2443 et
407 2375 547 2445 fideliter
562 2377 732 2463 pastinare
749 2384 849 2445 totum
865 2379 945 2446 illud
962 2399 1002 2448 ex
1027 2381 1102 2467 ipsa
1127 2389 1225 2466 terra,

97 2486 183 2572 quod
199 2491 251 2554 est
267 2507 288 2552 a
305 2492 393 2554 terra
410 2485 529 2554 Duviui
546 2487 650 2554 Derse
665 2505 768 2572 usque
785 2485 828 2554 ad
844 2485 929 2554 vites
955 2488 1090 2556 Stanohi
1114 2488 1226 2575 Drage

95 2598 128 2664 iu
144 2594 261 2664 eadem
279 2599 365 2664 terra
380 2598 571 2684 plantatas3
586 2593 742 2665 videlieet
766 2615 853 2664 anno
878 2593 1033 2684 quolibet,
1060 2597 1132 2666 siue
1158 2597 1219 2664 Di·

97 2704 176 2771 vino
193 2705 246 2770 vel
262 2703 349 2771 iusto
366 2703 599 2790 impedimento
616 2705 699 2770 bene
716 2711 748 2770 et
764 2701 906 2772 fideliter
918 2704 1225 2774 secundunbonam

100 2812 365 2880 consuetudinem
382 2811 589 2900 Spalatensis
607 2813 756 2881 Civitatis
782 2797 946 2898 laborare,
972 2813 1099 2882 seilicet
1123 2817 1225 2882 semel

97 2922 128 2988 in
153 2941 242 2992 anno
267 2927 384 3008 potare
410 2929 442 2990 et
471 2921 593 2990 vitibus
619 2921 747 2992 duabus
772 2941 930 3010 zappare,
960 2928 994 2990 et
1018 2922 1060 2992 de
1075 2924 1225 2995 omuibus

98 3017 270 3114 trn'otibns,
287 3048 370 3114 quos
385 3028 418 3096 in
434 3029 515 3116 ipsis
532 3029 664 3114 vitibus,
681 3049 763 3114 quas
781 3029 994 3116 plantaverit,
1011 3037 1044 3099 et
1060 3031 1163 3098 aelam
1190 3033 1224 3102 in

95 3145 186 3208 terra
202 3137 364 3208 Dominus
380 3137 411 3210 ei
428 3141 566 3227 dederit,
583 3141 709 3226 integre
724 3139 859 3209 tereiam
875 3146 1001 3226 partem
1012 3140 1076 3226 ipsi
1085 3141 1218 3229 Duymo

95 3248 179 3318 dara
196 3255 231 3316 et
245 3249 418 3336 assignare
435 3249 598 3332 convenit,
614 3255 647 3318 et
662 3249 727 3318 sibi
742 3248 827 3316 duas
841 3256 952 3335 partes
968 3255 1038 3316 tum
1054 3247 1151 3320 modo
1167 3249 1222 3330 de·

94 3359 213 3444 tinere,
231 3377 297 3426 non
312 3357 465 3428 habendo
480 3364 589 3446 potest
605 3358 677 3444 ipse
688 3357 822 3442 Dragan
840 3357 959 3424 dietam
974 3364 1104 3442 terram,
1121 3357 1224 3426 dones

98 3475 171 3536 tota
188 3487 209 3532 a
226 3474 314 3534 terra
331 3467 453 3554 Duymi
468 3467 575 3536 Derse
590 3485 694 3550 usqne
709 3467 753 3536 ad
769 3467 855 3536 vites
872 3467 951 3536 dieti
972 3463 1107 3536 Stanelri
1122 3468 1224 3553 pasti-

93 3583 178 3646 nata
193 3596 259 3644 non
275 3575 383 3664 luerit,
399 3575 606 3660 dimittendi,
635 3595 749 3660 neque
774 3593 847 3642 eam
873 3575 904 3644 ei
931 3575 1039 3642 dietus
1062 3575 1225 3662 Duymus,

96 3687 174 3754 dum
191 3685 278 3754 vites
295 3683 491 3768 duraverint,
508 3682 743 3768 subtrahendi;
761 3685 954 3770 promittens
965 3689 999 3752 et
1012 3683 1118 3751 dietus
1134 3685 1223 3772 Duy·
1285 3707 1288 3714 ·

99 3814 175 3863 mus
201 3793 284 3862 dare
301 3801 335 3862 et
350 3795 477 3862 solvere
492 3792 557 3879 ipsi
574 3795 754 3878 Draganno
770 3795 803 3860 iu
820 3791 1018 3862 adiutorium
1034 3792 1224 3878 pastinandi
1244 3837 1249 3846 ·

97 3923 158 3992 pro
179 3903 327 3988 quolibet
345 3909 473 3970 uretero
489 3902 601 3970 vitium
620 3923 717 3987 quesn
736 3903 965 3992 pastinaverit,
980 3909 1158 3986 autequam
1175 3887 1221 3976 il)-

96 4031 169 4080 sum
187 4011 326 4096 inoipiat
341 4011 520 4098 pastinare,
537 4011 662 4080 solidos
678 4009 900 4098 quadraginta
921 4011 1130 4080 denariorum
1145 4029 1224 4098 par·

95 4139 219 4188 vorum.
236 4119 278 4186 lit
294 4119 355 4188 heo
370 4120 480 4188 omnia
495 4120 686 4210 supradicta
701 4119 838 4208 predicti
856 4117 1005 4208 Drymus
1030 4125 1064 4187 et
1088 4119 1223 4202 Dragan

94 4229 137 4296 ad
153 4219 292 4297 invioan
308 4229 478 4298 attendere
493 4236 526 4296 et
536 4231 711 4300 observare
726 4229 1028 4316 compromiserunt,
1038 4234 1071 4298 et
1081 4227 1115 4293 in
1126 4230 1216 4298 nullo

97 4343 214 4409 contra
229 4338 341 4408 faeere
352 4339 403 4408 vel
421 4338 532 4408 venire
542 4341 601 4407 sub
611 4357 698 4426 pena
714 4337 828 4408 decem
845 4338 999 4407 libratum
1015 4336 1221 4406 denariorum

96 4469 282 4536 parvorum,
300 4463 383 4533 quas
398 4467 477 4535 pars
502 4457 616 4518 eontra
643 4449 778 4516 veniens
803 4449 891 4536 parti
915 4443 1008 4516 alteri
1034 4444 1221 4514 observanti

96 4556 177 4627 dare
194 4563 228 4626 et
242 4557 374 4627 soluere
390 4564 540 4628 teneatur
557 4579 629 4626 oum
646 4558 802 4626 bonorum
819 4577 960 4641 suornm,
977 4555 1105 4623 soilioet
1130 4556 1219 4644 Dup-

97 4666 148 4752 mi,
167 4666 375 4734 albanorum
393 4674 489 4752 atque
504 4682 643 4754 persone
658 4662 737 4735 dieti
752 4663 899 4752 Dragani
916 4663 1133 4750 obliganione.
1150 4669 1211 4734 Ao·
