<?xml version="1.0" encoding="UTF-8"?>
<!DOCTYPE html PUBLIC "-//W3C//DTD XHTML 1.0 Transitional//EN"
    "http://www.w3.org/TR/xhtml1/DTD/xhtml1-transitional.dtd">
<html xmlns="http://www.w3.org/1999/xhtml" xml:lang="en" lang="en">
 <head>
  <title>
</title>
<meta http-equiv="Content-Type" content="text/html;charset=utf-8" />
  <meta name='ocr-system' content='tesseract 3.04.00' />
  <meta name='ocr-capabilities' content='ocr_page ocr_carea ocr_par ocr_line ocrx_word'/>
</head>
<body>
  <div class='ocr_page' id='page_1' title='image "./codexdiplomatic07wenzgoog_0093.png"; bbox 0 0 3270 5280; ppageno 0'>
   <div class='ocr_carea' id='block_1_1' title="bbox 645 325 785 422">
    <p class='ocr_par' dir='ltr' id='par_1_1' title="bbox 645 325 785 422">
     <span class='ocr_line' id='line_1_1' title="bbox 645 325 785 422; baseline -0.007 1"><span class='ocrx_word' id='word_1_1' title='bbox 645 325 785 422; x_wconf 53' lang='lat' dir='ltr'><strong>Aa..</strong></span> 
     </span>
    </p>
   </div>
   <div class='ocr_carea' id='block_1_2' title="bbox 148 517 1360 1908">
    <p class='ocr_par' dir='ltr' id='par_1_2' title="bbox 148 517 1360 1908">
     <span class='ocr_line' id='line_1_2' title="bbox 148 517 1277 610; baseline 0.01 -25"><span class='ocrx_word' id='word_1_2' title='bbox 148 517 358 586; x_wconf 77' lang='lat' dir='ltr'><strong>dumiensem</strong></span> <span class='ocrx_word' id='word_1_3' title='bbox 382 537 442 586; x_wconf 87' lang='lat' dir='ltr'><strong>seu</strong></span> <span class='ocrx_word' id='word_1_4' title='bbox 466 517 539 586; x_wconf 88' lang='lat' dir='ltr'><strong>eius</strong></span> <span class='ocrx_word' id='word_1_5' title='bbox 563 519 741 606; x_wconf 80' lang='lat' dir='ltr'><strong>legitimum</strong></span> <span class='ocrx_word' id='word_1_6' title='bbox 763 528 1020 608; x_wconf 88' lang='lat' dir='ltr'><strong>procuratorem,</strong></span> <span class='ocrx_word' id='word_1_7' title='bbox 1036 524 1172 592; x_wconf 89' lang='lat' dir='ltr'><strong>dicens:</strong></span> <span class='ocrx_word' id='word_1_8' title='bbox 1189 529 1277 610; x_wconf 89' lang='lat' dir='ltr'><strong>quod</strong></span> 
     </span>
     <span class='ocr_line' id='line_1_3' title="bbox 152 624 1277 716; baseline 0.006 -20"><span class='ocrx_word' id='word_1_9' title='bbox 152 631 230 698; x_wconf 87' lang='lat' dir='ltr'><strong>licet</strong></span> <span class='ocrx_word' id='word_1_10' title='bbox 245 627 544 695; x_wconf 78' lang='lat' dir='ltr'><strong>Arebidiaconatus</strong></span> <span class='ocrx_word' id='word_1_11' title='bbox 560 624 805 713; x_wconf 73' lang='lat' dir='ltr'><strong>supruniensis,</strong></span> <span class='ocrx_word' id='word_1_12' title='bbox 829 629 884 712; x_wconf 87' lang='lat' dir='ltr'><strong>qui</strong></span> <span class='ocrx_word' id='word_1_13' title='bbox 899 649 959 714; x_wconf 88' lang='lat' dir='ltr'><strong>per</strong></span> <span class='ocrx_word' id='word_1_14' title='bbox 974 641 1111 698; x_wconf 88' lang='lat' dir='ltr'><strong>mortem</strong></span> <span class='ocrx_word' id='word_1_15' title='bbox 1128 633 1277 716; x_wconf 75' lang='lat' dir='ltr'><strong>magistri</strong></span> 
     </span>
     <span class='ocr_line' id='line_1_4' title="bbox 150 735 1277 825; baseline 0.004 -19"><span class='ocrx_word' id='word_1_16' title='bbox 150 738 243 806; x_wconf 86' lang='lat' dir='ltr'><strong>Sauli</strong></span> <span class='ocrx_word' id='word_1_17' title='bbox 258 736 403 819; x_wconf 82' lang='lat' dir='ltr'><strong>vacavit,</strong></span> <span class='ocrx_word' id='word_1_18' title='bbox 429 755 502 803; x_wconf 91' lang='lat' dir='ltr'><strong>oum</strong></span> <span class='ocrx_word' id='word_1_19' title='bbox 528 735 668 822; x_wconf 89' lang='lat' dir='ltr'><strong>capellis</strong></span> <span class='ocrx_word' id='word_1_20' title='bbox 685 743 718 802; x_wconf 90' lang='lat' dir='ltr'><strong>et</strong></span> <span class='ocrx_word' id='word_1_21' title='bbox 734 736 810 804; x_wconf 89' lang='lat' dir='ltr'><strong>aliis</strong></span> <span class='ocrx_word' id='word_1_22' title='bbox 835 737 905 804; x_wconf 90' lang='lat' dir='ltr'><strong>suis</strong></span> <span class='ocrx_word' id='word_1_23' title='bbox 925 737 1049 805; x_wconf 88' lang='lat' dir='ltr'><strong>iuribus</strong></span> <span class='ocrx_word' id='word_1_24' title='bbox 1066 745 1098 808; x_wconf 87' lang='lat' dir='ltr'><strong>et</strong></span> <span class='ocrx_word' id='word_1_25' title='bbox 1114 743 1277 825; x_wconf 87' lang='lat' dir='ltr'><strong>pertinen·</strong></span> 
     </span>
     <span class='ocr_line' id='line_1_5' title="bbox 150 842 1278 934; baseline 0.005 -22"><span class='ocrx_word' id='word_1_26' title='bbox 150 845 216 927; x_wconf 89' lang='lat' dir='ltr'><strong>tiis,</strong></span> <span class='ocrx_word' id='word_1_27' title='bbox 233 845 320 913; x_wconf 91' lang='lat' dir='ltr'><strong>sicut</strong></span> <span class='ocrx_word' id='word_1_28' title='bbox 345 845 434 912; x_wconf 92' lang='lat' dir='ltr'><strong>idem</strong></span> <span class='ocrx_word' id='word_1_29' title='bbox 459 842 621 929; x_wconf 75' lang='lat' dir='ltr'><strong>magister</strong></span> <span class='ocrx_word' id='word_1_30' title='bbox 646 844 767 912; x_wconf 78' lang='lat' dir='ltr'><strong>Saulus</strong></span> <span class='ocrx_word' id='word_1_31' title='bbox 792 851 961 930; x_wconf 88' lang='lat' dir='ltr'><strong>tenuerat,</strong></span> <span class='ocrx_word' id='word_1_32' title='bbox 987 847 1093 915; x_wconf 90' lang='lat' dir='ltr'><strong>eidem</strong></span> <span class='ocrx_word' id='word_1_33' title='bbox 1119 851 1278 934; x_wconf 78' lang='lat' dir='ltr'><strong>magistro</strong></span> 
     </span>
     <span class='ocr_line' id='line_1_6' title="bbox 151 951 1278 1044; baseline 0.006 -25"><span class='ocrx_word' id='word_1_34' title='bbox 151 953 269 1020; x_wconf 87' lang='lat' dir='ltr'><strong>Ireneo</strong></span> <span class='ocrx_word' id='word_1_35' title='bbox 285 953 446 1020; x_wconf 86' lang='lat' dir='ltr'><strong>canonice</strong></span> <span class='ocrx_word' id='word_1_36' title='bbox 470 951 513 1016; x_wconf 92' lang='lat' dir='ltr'><strong>sit</strong></span> <span class='ocrx_word' id='word_1_37' title='bbox 540 952 678 1020; x_wconf 88' lang='lat' dir='ltr'><strong>collatus</strong></span> <span class='ocrx_word' id='word_1_38' title='bbox 705 953 904 1022; x_wconf 85' lang='lat' dir='ltr'><strong>auctoritate</strong></span> <span class='ocrx_word' id='word_1_39' title='bbox 930 956 1139 1044; x_wconf 85' lang='lat' dir='ltr'><strong>Apostolioa;</strong></span> <span class='ocrx_word' id='word_1_40' title='bbox 1167 965 1278 1026; x_wconf 86' lang='lat' dir='ltr'><strong>tamen</strong></span> 
     </span>
     <span class='ocr_line' id='line_1_7' title="bbox 150 1056 1276 1150; baseline 0.007 -24"><span class='ocrx_word' id='word_1_41' title='bbox 150 1059 260 1128; x_wconf 89' lang='lat' dir='ltr'><strong>dietus</strong></span> <span class='ocrx_word' id='word_1_42' title='bbox 276 1059 463 1146; x_wconf 88' lang='lat' dir='ltr'><strong>Episcopus</strong></span> <span class='ocrx_word' id='word_1_43' title='bbox 478 1056 519 1124; x_wconf 91' lang='lat' dir='ltr'><strong>de</strong></span> <span class='ocrx_word' id='word_1_44' title='bbox 536 1059 636 1144; x_wconf 83' lang='lat' dir='ltr'><strong>lacto,</strong></span> <span class='ocrx_word' id='word_1_45' title='bbox 652 1060 732 1128; x_wconf 89' lang='lat' dir='ltr'><strong>licet</strong></span> <span class='ocrx_word' id='word_1_46' title='bbox 748 1059 790 1128; x_wconf 93' lang='lat' dir='ltr'><strong>de</strong></span> <span class='ocrx_word' id='word_1_47' title='bbox 805 1062 874 1130; x_wconf 89' lang='lat' dir='ltr'><strong>iure</strong></span> <span class='ocrx_word' id='word_1_48' title='bbox 890 1081 954 1128; x_wconf 93' lang='lat' dir='ltr'><strong>non</strong></span> <span class='ocrx_word' id='word_1_49' title='bbox 970 1069 1092 1150; x_wconf 90' lang='lat' dir='ltr'><strong>posset,</strong></span> <span class='ocrx_word' id='word_1_50' title='bbox 1109 1066 1142 1132; x_wconf 92' lang='lat' dir='ltr'><strong>in</strong></span> <span class='ocrx_word' id='word_1_51' title='bbox 1159 1067 1276 1134; x_wconf 88' lang='lat' dir='ltr'><strong>elusio-</strong></span> 
     </span>
     <span class='ocr_line' id='line_1_8' title="bbox 150 1168 1276 1259; baseline 0.009 -25"><span class='ocrx_word' id='word_1_52' title='bbox 150 1189 226 1238; x_wconf 90' lang='lat' dir='ltr'><strong>nem</strong></span> <span class='ocrx_word' id='word_1_53' title='bbox 244 1170 391 1237; x_wconf 85' lang='lat' dir='ltr'><strong>mandati</strong></span> <span class='ocrx_word' id='word_1_54' title='bbox 414 1168 599 1255; x_wconf 85' lang='lat' dir='ltr'><strong>Apostolici</strong></span> <span class='ocrx_word' id='word_1_55' title='bbox 624 1170 788 1255; x_wconf 89' lang='lat' dir='ltr'><strong>prelatum</strong></span> <span class='ocrx_word' id='word_1_56' title='bbox 816 1168 1127 1240; x_wconf 82' lang='lat' dir='ltr'><strong>Arobidiaeonalum</strong></span> <span class='ocrx_word' id='word_1_57' title='bbox 1156 1175 1276 1259; x_wconf 84' lang='lat' dir='ltr'><strong>Supre-</strong></span> 
     </span>
     <span class='ocr_line' id='line_1_9' title="bbox 150 1277 1360 1367; baseline 0.007 -23"><span class='ocrx_word' id='word_1_58' title='bbox 150 1279 301 1347; x_wconf 91' lang='lat' dir='ltr'><strong>niensem</strong></span> <span class='ocrx_word' id='word_1_59' title='bbox 318 1279 416 1346; x_wconf 86' lang='lat' dir='ltr'><strong>Petro</strong></span> <span class='ocrx_word' id='word_1_60' title='bbox 432 1285 464 1345; x_wconf 89' lang='lat' dir='ltr'><strong>et</strong></span> <span class='ocrx_word' id='word_1_61' title='bbox 480 1277 585 1346; x_wconf 91' lang='lat' dir='ltr'><strong>Paulo</strong></span> <span class='ocrx_word' id='word_1_62' title='bbox 600 1279 774 1366; x_wconf 79' lang='lat' dir='ltr'><strong>nepotibus</strong></span> <span class='ocrx_word' id='word_1_63' title='bbox 791 1281 870 1360; x_wconf 89' lang='lat' dir='ltr'><strong>suis,</strong></span> <span class='ocrx_word' id='word_1_64' title='bbox 889 1279 1040 1367; x_wconf 89' lang='lat' dir='ltr'><strong>capellas</strong></span> <span class='ocrx_word' id='word_1_65' title='bbox 1056 1301 1133 1350; x_wconf 90' lang='lat' dir='ltr'><strong>vero</strong></span> <span class='ocrx_word' id='word_1_66' title='bbox 1144 1283 1278 1352; x_wconf 76' lang='lat' dir='ltr'><strong>Hectori</strong></span> <span class='ocrx_word' id='word_1_67' title='bbox 1352 1322 1360 1332; x_wconf 93' lang='lat'>·</span> 
     </span>
     <span class='ocr_line' id='line_1_10' title="bbox 152 1385 1279 1477; baseline 0.004 -22"><span class='ocrx_word' id='word_1_68' title='bbox 152 1407 212 1455; x_wconf 92' lang='lat' dir='ltr'><strong>suo</strong></span> <span class='ocrx_word' id='word_1_69' title='bbox 231 1388 352 1456; x_wconf 90' lang='lat' dir='ltr'><strong>clerico</strong></span> <span class='ocrx_word' id='word_1_70' title='bbox 367 1393 400 1455; x_wconf 90' lang='lat' dir='ltr'><strong>ct</strong></span> <span class='ocrx_word' id='word_1_71' title='bbox 410 1385 546 1454; x_wconf 77' lang='lat' dir='ltr'><strong>Custodi</strong></span> <span class='ocrx_word' id='word_1_72' title='bbox 562 1387 713 1456; x_wconf 87' lang='lat' dir='ltr'><strong>Ecclesia</strong></span> <span class='ocrx_word' id='word_1_73' title='bbox 729 1389 925 1473; x_wconf 80' lang='lat' dir='ltr'><strong>laoniensis,</strong></span> <span class='ocrx_word' id='word_1_74' title='bbox 943 1395 979 1456; x_wconf 93' lang='lat' dir='ltr'><strong>ut</strong></span> <span class='ocrx_word' id='word_1_75' title='bbox 995 1389 1122 1477; x_wconf 87' lang='lat' dir='ltr'><strong>dicitur,</strong></span> <span class='ocrx_word' id='word_1_76' title='bbox 1140 1394 1279 1460; x_wconf 87' lang='lat' dir='ltr'><strong>contulit</strong></span> 
     </span>
     <span class='ocr_line' id='line_1_11' title="bbox 151 1495 1278 1584; baseline 0.005 -22"><span class='ocrx_word' id='word_1_77' title='bbox 151 1499 185 1563; x_wconf 92' lang='lat' dir='ltr'><strong>in</strong></span> <span class='ocrx_word' id='word_1_78' title='bbox 202 1515 307 1582; x_wconf 80' lang='lat' dir='ltr'><strong>grave</strong></span> <span class='ocrx_word' id='word_1_79' title='bbox 323 1497 500 1581; x_wconf 88' lang='lat' dir='ltr'><strong>dampnum</strong></span> <span class='ocrx_word' id='word_1_80' title='bbox 526 1501 559 1564; x_wconf 93' lang='lat' dir='ltr'><strong>et</strong></span> <span class='ocrx_word' id='word_1_81' title='bbox 584 1495 798 1580; x_wconf 86' lang='lat' dir='ltr'><strong>preludicium</strong></span> <span class='ocrx_word' id='word_1_82' title='bbox 821 1497 974 1580; x_wconf 78' lang='lat' dir='ltr'><strong>magistri</strong></span> <span class='ocrx_word' id='word_1_83' title='bbox 998 1498 1105 1565; x_wconf 87' lang='lat' dir='ltr'><strong>irenei</strong></span> <span class='ocrx_word' id='word_1_84' title='bbox 1130 1500 1278 1584; x_wconf 87' lang='lat' dir='ltr'><strong>predicti,</strong></span> 
     </span>
     <span class='ocr_line' id='line_1_12' title="bbox 151 1603 1279 1692; baseline 0.004 -23"><span class='ocrx_word' id='word_1_85' title='bbox 151 1611 287 1691; x_wconf 89' lang='lat' dir='ltr'><strong>propter</strong></span> <span class='ocrx_word' id='word_1_86' title='bbox 303 1603 392 1688; x_wconf 91' lang='lat' dir='ltr'><strong>quod</strong></span> <span class='ocrx_word' id='word_1_87' title='bbox 420 1603 505 1670; x_wconf 89' lang='lat' dir='ltr'><strong>idern</strong></span> <span class='ocrx_word' id='word_1_88' title='bbox 531 1604 691 1690; x_wconf 82' lang='lat' dir='ltr'><strong>magister</strong></span> <span class='ocrx_word' id='word_1_89' title='bbox 706 1605 841 1671; x_wconf 88' lang='lat' dir='ltr'><strong>Irencus</strong></span> <span class='ocrx_word' id='word_1_90' title='bbox 857 1603 902 1670; x_wconf 87' lang='lat' dir='ltr'><strong>ad</strong></span> <span class='ocrx_word' id='word_1_91' title='bbox 918 1603 1037 1672; x_wconf 89' lang='lat' dir='ltr'><strong>Sedem</strong></span> <span class='ocrx_word' id='word_1_92' title='bbox 1054 1607 1279 1692; x_wconf 88' lang='lat' dir='ltr'><strong>Apostolicam</strong></span> 
     </span>
     <span class='ocr_line' id='line_1_13' title="bbox 152 1710 1278 1799; baseline 0.003 -20"><span class='ocrx_word' id='word_1_93' title='bbox 152 1711 301 1799; x_wconf 80' lang='lat' dir='ltr'><strong>legitime</strong></span> <span class='ocrx_word' id='word_1_94' title='bbox 317 1710 518 1798; x_wconf 84' lang='lat' dir='ltr'><strong>appellavit:</strong></span> <span class='ocrx_word' id='word_1_95' title='bbox 536 1710 625 1778; x_wconf 93' lang='lat' dir='ltr'><strong>unde</strong></span> <span class='ocrx_word' id='word_1_96' title='bbox 649 1712 731 1797; x_wconf 88' lang='lat' dir='ltr'><strong>petit</strong></span> <span class='ocrx_word' id='word_1_97' title='bbox 759 1711 971 1779; x_wconf 88' lang='lat' dir='ltr'><strong>collationem</strong></span> <span class='ocrx_word' id='word_1_98' title='bbox 997 1713 1188 1799; x_wconf 90' lang='lat' dir='ltr'><strong>predictam,</strong></span> <span class='ocrx_word' id='word_1_99' title='bbox 1215 1735 1278 1799; x_wconf 86' lang='lat' dir='ltr'><strong>que</strong></span> 
     </span>
     <span class='ocr_line' id='line_1_14' title="bbox 152 1818 1280 1908; baseline 0.004 -20"><span class='ocrx_word' id='word_1_100' title='bbox 152 1821 275 1890; x_wconf 88' lang='lat' dir='ltr'><strong>dicitur</strong></span> <span class='ocrx_word' id='word_1_101' title='bbox 290 1839 366 1888; x_wconf 88' lang='lat' dir='ltr'><strong>esse</strong></span> <span class='ocrx_word' id='word_1_102' title='bbox 380 1818 470 1888; x_wconf 86' lang='lat' dir='ltr'><strong>iacta</strong></span> <span class='ocrx_word' id='word_1_103' title='bbox 485 1839 544 1904; x_wconf 87' lang='lat' dir='ltr'><strong>per</strong></span> <span class='ocrx_word' id='word_1_104' title='bbox 559 1819 681 1888; x_wconf 92' lang='lat' dir='ltr'><strong>dictum</strong></span> <span class='ocrx_word' id='word_1_105' title='bbox 698 1820 899 1906; x_wconf 78' lang='lat' dir='ltr'><strong>Episcopum</strong></span> <span class='ocrx_word' id='word_1_106' title='bbox 916 1819 1012 1886; x_wconf 89' lang='lat' dir='ltr'><strong>dictis</strong></span> <span class='ocrx_word' id='word_1_107' title='bbox 1027 1822 1096 1889; x_wconf 89' lang='lat' dir='ltr'><strong>suis</strong></span> <span class='ocrx_word' id='word_1_108' title='bbox 1106 1823 1280 1908; x_wconf 80' lang='lat' dir='ltr'><strong>nepotibus</strong></span> 
     </span>
    </p>
   </div>
   <div class='ocr_carea' id='block_1_3' title="bbox 22 1929 1280 2017">
    <p class='ocr_par' dir='ltr' id='par_1_3' title="bbox 22 1929 1280 2017">
     <span class='ocr_line' id='line_1_15' title="bbox 22 1929 1280 2017; baseline 0 -18"><span class='ocrx_word' id='word_1_109' title='bbox 22 1951 29 1966; x_wconf 92' lang='lat'><em>·</em></span> <span class='ocrx_word' id='word_1_110' title='bbox 153 1939 187 2000; x_wconf 89' lang='lat' dir='ltr'><strong>et</strong></span> <span class='ocrx_word' id='word_1_111' title='bbox 203 1931 337 2016; x_wconf 90' lang='lat' dir='ltr'><strong>clerico,</strong></span> <span class='ocrx_word' id='word_1_112' title='bbox 355 1949 395 1996; x_wconf 88' lang='lat' dir='ltr'><strong>ac</strong></span> <span class='ocrx_word' id='word_1_113' title='bbox 410 1949 600 2015; x_wconf 78' lang='lat' dir='ltr'><strong>processum</strong></span> <span class='ocrx_word' id='word_1_114' title='bbox 627 1949 686 2015; x_wconf 91' lang='lat' dir='ltr'><strong>per</strong></span> <span class='ocrx_word' id='word_1_115' title='bbox 712 1929 852 1998; x_wconf 88' lang='lat' dir='ltr'><strong>eundem</strong></span> <span class='ocrx_word' id='word_1_116' title='bbox 869 1929 1069 2016; x_wconf 81' lang='lat' dir='ltr'><strong>Episcopum</strong></span> <span class='ocrx_word' id='word_1_117' title='bbox 1095 1949 1193 2017; x_wconf 89' lang='lat' dir='ltr'><strong>anper</strong></span> <span class='ocrx_word' id='word_1_118' title='bbox 1217 1932 1280 1999; x_wconf 91' lang='lat' dir='ltr'><strong>boc</strong></span> 
     </span>
    </p>
   </div>
   <div class='ocr_carea' id='block_1_4' title="bbox 109 2036 1285 4614">
    <p class='ocr_par' dir='ltr' id='par_1_4' title="bbox 109 2036 1285 4614">
     <span class='ocr_line' id='line_1_16' title="bbox 153 2036 1279 2123; baseline -0.004 -15"><span class='ocrx_word' id='word_1_119' title='bbox 153 2039 302 2108; x_wconf 86' lang='lat' dir='ltr'><strong>habitum</strong></span> <span class='ocrx_word' id='word_1_120' title='bbox 319 2036 451 2121; x_wconf 85' lang='lat' dir='ltr'><strong>irritari,</strong></span> <span class='ocrx_word' id='word_1_121' title='bbox 478 2037 616 2122; x_wconf 87' lang='lat' dir='ltr'><strong>cassari,</strong></span> <span class='ocrx_word' id='word_1_122' title='bbox 638 2055 779 2123; x_wconf 87' lang='lat' dir='ltr'><strong>cassum,</strong></span> <span class='ocrx_word' id='word_1_123' title='bbox 797 2039 921 2106; x_wconf 86' lang='lat' dir='ltr'><strong>nullom</strong></span> <span class='ocrx_word' id='word_1_124' title='bbox 937 2043 970 2103; x_wconf 88' lang='lat' dir='ltr'><strong>ct</strong></span> <span class='ocrx_word' id='word_1_125' title='bbox 986 2037 1109 2104; x_wconf 89' lang='lat' dir='ltr'><strong>irritum</strong></span> <span class='ocrx_word' id='word_1_126' title='bbox 1125 2039 1279 2106; x_wconf 88' lang='lat' dir='ltr'><strong>nuntiari.</strong></span> 
     </span>
     <span class='ocr_line' id='line_1_17' title="bbox 154 2139 1280 2234; baseline -0.002 -18"><span class='ocrx_word' id='word_1_127' title='bbox 154 2152 237 2218; x_wconf 89' lang='lat' dir='ltr'><strong>ltem</strong></span> <span class='ocrx_word' id='word_1_128' title='bbox 264 2147 347 2234; x_wconf 88' lang='lat' dir='ltr'><strong>petit</strong></span> <span class='ocrx_word' id='word_1_129' title='bbox 372 2149 497 2214; x_wconf 90' lang='lat' dir='ltr'><strong>dictum</strong></span> <span class='ocrx_word' id='word_1_130' title='bbox 523 2147 724 2233; x_wconf 83' lang='lat' dir='ltr'><strong>Episcopum</strong></span> <span class='ocrx_word' id='word_1_131' title='bbox 750 2147 813 2217; x_wconf 89' lang='lat' dir='ltr'><strong>sibi</strong></span> <span class='ocrx_word' id='word_1_132' title='bbox 829 2139 872 2214; x_wconf 73' lang='lat' dir='ltr'><strong>&#39;io</strong></span> <span class='ocrx_word' id='word_1_133' title='bbox 897 2147 1050 2232; x_wconf 81' lang='lat' dir='ltr'><strong>dampnis</strong></span> <span class='ocrx_word' id='word_1_134' title='bbox 1076 2155 1109 2214; x_wconf 88' lang='lat' dir='ltr'><strong>et</strong></span> <span class='ocrx_word' id='word_1_135' title='bbox 1125 2148 1280 2234; x_wconf 74' lang='lat' dir='ltr'><strong>expensis</strong></span> 
     </span>
     <span class='ocr_line' id='line_1_18' title="bbox 154 2253 1282 2340; baseline 0 -16"><span class='ocrx_word' id='word_1_136' title='bbox 154 2259 255 2326; x_wconf 83' lang='lat' dir='ltr'><strong>iactis</strong></span> <span class='ocrx_word' id='word_1_137' title='bbox 271 2264 305 2325; x_wconf 89' lang='lat' dir='ltr'><strong>et</strong></span> <span class='ocrx_word' id='word_1_138' title='bbox 320 2257 481 2323; x_wconf 87' lang='lat' dir='ltr'><strong>interesse</strong></span> <span class='ocrx_word' id='word_1_139' title='bbox 496 2255 672 2322; x_wconf 88' lang='lat' dir='ltr'><strong>occasione</strong></span> <span class='ocrx_word' id='word_1_140' title='bbox 688 2253 919 2340; x_wconf 84' lang='lat' dir='ltr'><strong>predictorum,</strong></span> <span class='ocrx_word' id='word_1_141' title='bbox 936 2274 1000 2338; x_wconf 88' lang='lat' dir='ltr'><strong>que</strong></span> <span class='ocrx_word' id='word_1_142' title='bbox 1016 2255 1126 2323; x_wconf 89' lang='lat' dir='ltr'><strong>omnia</strong></span> <span class='ocrx_word' id='word_1_143' title='bbox 1143 2257 1282 2324; x_wconf 87' lang='lat' dir='ltr'><strong>extimat</strong></span> 
     </span>
     <span class='ocr_line' id='line_1_19' title="bbox 155 2362 1281 2451; baseline -0.002 -15"><span class='ocrx_word' id='word_1_144' title='bbox 155 2376 286 2438; x_wconf 90' lang='lat' dir='ltr'><strong>centum</strong></span> <span class='ocrx_word' id='word_1_145' title='bbox 302 2382 435 2432; x_wconf 86' lang='lat' dir='ltr'><strong>marcus</strong></span> <span class='ocrx_word' id='word_1_146' title='bbox 453 2365 590 2446; x_wconf 74' lang='lat' dir='ltr'><strong>urgenti,</strong></span> <span class='ocrx_word' id='word_1_147' title='bbox 608 2363 851 2451; x_wconf 86' lang='lat' dir='ltr'><strong>condempnari,</strong></span> <span class='ocrx_word' id='word_1_148' title='bbox 868 2371 901 2432; x_wconf 89' lang='lat' dir='ltr'><strong>et</strong></span> <span class='ocrx_word' id='word_1_149' title='bbox 925 2383 1091 2450; x_wconf 84' lang='lat' dir='ltr'><strong>expensus</strong></span> <span class='ocrx_word' id='word_1_150' title='bbox 1108 2362 1281 2435; x_wconf 85' lang='lat' dir='ltr'><strong>iaciendas</strong></span> 
     </span>
     <span class='ocr_line' id='line_1_20' title="bbox 156 2473 1280 2564; baseline -0.001 -19"><span class='ocrx_word' id='word_1_151' title='bbox 156 2481 355 2564; x_wconf 86' lang='lat' dir='ltr'><strong>protestatur</strong></span> <span class='ocrx_word' id='word_1_152' title='bbox 371 2475 466 2540; x_wconf 89' lang='lat' dir='ltr'><strong>salvo</strong></span> <span class='ocrx_word' id='word_1_153' title='bbox 482 2473 552 2539; x_wconf 89' lang='lat' dir='ltr'><strong>iure</strong></span> <span class='ocrx_word' id='word_1_154' title='bbox 567 2479 629 2538; x_wconf 87' lang='lat' dir='ltr'><strong>etc.</strong></span> <span class='ocrx_word' id='word_1_155' title='bbox 662 2473 744 2540; x_wconf 89' lang='lat' dir='ltr'><strong>Item</strong></span> <span class='ocrx_word' id='word_1_156' title='bbox 760 2473 842 2562; x_wconf 86' lang='lat' dir='ltr'><strong>petit</strong></span> <span class='ocrx_word' id='word_1_157' title='bbox 858 2474 1130 2542; x_wconf 83' lang='lat' dir='ltr'><strong>contraeundum</strong></span> <span class='ocrx_word' id='word_1_158' title='bbox 1147 2475 1280 2560; x_wconf 88' lang='lat' dir='ltr'><strong>Episco-</strong></span> 
     </span>
     <span class='ocr_line' id='line_1_21' title="bbox 158 2579 1280 2678; baseline -0.007 -21"><span class='ocrx_word' id='word_1_159' title='bbox 158 2611 235 2678; x_wconf 90' lang='lat' dir='ltr'><strong>pum</strong></span> <span class='ocrx_word' id='word_1_160' title='bbox 252 2589 377 2671; x_wconf 91' lang='lat' dir='ltr'><strong>dicens,</strong></span> <span class='ocrx_word' id='word_1_161' title='bbox 394 2581 643 2669; x_wconf 88' lang='lat' dir='ltr'><strong>quoddominns</strong></span> <span class='ocrx_word' id='word_1_162' title='bbox 659 2581 851 2656; x_wconf 70' lang='lat' dir='ltr'><strong>(tolonensis</strong></span> <span class='ocrx_word' id='word_1_163' title='bbox 867 2579 1143 2668; x_wconf 83' lang='lat' dir='ltr'><strong>Archiepiscopus</strong></span> <span class='ocrx_word' id='word_1_164' title='bbox 1158 2581 1280 2652; x_wconf 91' lang='lat' dir='ltr'><strong>dictum</strong></span> 
     </span>
     <span class='ocr_line' id='line_1_22' title="bbox 157 2689 1282 2785; baseline -0.006 -18"><span class='ocrx_word' id='word_1_165' title='bbox 157 2701 358 2785; x_wconf 82' lang='lat' dir='ltr'><strong>Episcopum</strong></span> <span class='ocrx_word' id='word_1_166' title='bbox 397 2689 692 2758; x_wconf 75' lang='lat' dir='ltr'><strong>excommunicavit</strong></span> <span class='ocrx_word' id='word_1_167' title='bbox 729 2695 764 2755; x_wconf 88' lang='lat' dir='ltr'><strong>at</strong></span> <span class='ocrx_word' id='word_1_168' title='bbox 801 2689 1119 2758; x_wconf 84' lang='lat' dir='ltr'><strong>excommunicatum</strong></span> <span class='ocrx_word' id='word_1_169' title='bbox 1150 2689 1282 2776; x_wconf 90' lang='lat' dir='ltr'><strong>publice</strong></span> 
     </span>
     <span class='ocr_line' id='line_1_23' title="bbox 156 2795 1281 2883; baseline -0.01 -8"><span class='ocrx_word' id='word_1_170' title='bbox 156 2805 326 2876; x_wconf 88' lang='lat' dir='ltr'><strong>nunciavit</strong></span> <span class='ocrx_word' id='word_1_171' title='bbox 342 2799 539 2870; x_wconf 83' lang='lat' dir='ltr'><strong>auctoritate</strong></span> <span class='ocrx_word' id='word_1_172' title='bbox 563 2796 766 2883; x_wconf 85' lang='lat' dir='ltr'><strong>Apostolioa,</strong></span> <span class='ocrx_word' id='word_1_173' title='bbox 783 2815 842 2882; x_wconf 89' lang='lat' dir='ltr'><strong>pro</strong></span> <span class='ocrx_word' id='word_1_174' title='bbox 859 2816 900 2866; x_wconf 91' lang='lat' dir='ltr'><strong>eo</strong></span> <span class='ocrx_word' id='word_1_175' title='bbox 915 2795 1004 2880; x_wconf 83' lang='lat' dir='ltr'><strong>qnod</strong></span> <span class='ocrx_word' id='word_1_176' title='bbox 1020 2795 1201 2883; x_wconf 83' lang='lat' dir='ltr'><strong>impedivit,</strong></span> <span class='ocrx_word' id='word_1_177' title='bbox 1217 2801 1281 2864; x_wconf 90' lang='lat' dir='ltr'><strong>tur-</strong></span> 
     </span>
     <span class='ocr_line' id='line_1_24' title="bbox 156 2903 1281 2990; baseline -0.01 -7"><span class='ocrx_word' id='word_1_178' title='bbox 156 2915 251 2983; x_wconf 90' lang='lat' dir='ltr'><strong>bavit</strong></span> <span class='ocrx_word' id='word_1_179' title='bbox 267 2917 300 2978; x_wconf 87' lang='lat' dir='ltr'><strong>et</strong></span> <span class='ocrx_word' id='word_1_180' title='bbox 315 2905 515 2990; x_wconf 72' lang='lat' dir='ltr'><strong>molestavit,</strong></span> <span class='ocrx_word' id='word_1_181' title='bbox 532 2910 565 2972; x_wconf 91' lang='lat' dir='ltr'><strong>et</strong></span> <span class='ocrx_word' id='word_1_182' title='bbox 581 2923 618 2972; x_wconf 93' lang='lat' dir='ltr'><strong>se</strong></span> <span class='ocrx_word' id='word_1_183' title='bbox 635 2905 741 2971; x_wconf 89' lang='lat' dir='ltr'><strong>minus</strong></span> <span class='ocrx_word' id='word_1_184' title='bbox 751 2905 839 2972; x_wconf 86' lang='lat' dir='ltr'><strong>iuste</strong></span> <span class='ocrx_word' id='word_1_185' title='bbox 848 2906 1002 2990; x_wconf 88' lang='lat' dir='ltr'><strong>opponit</strong></span> <span class='ocrx_word' id='word_1_186' title='bbox 1017 2903 1108 2973; x_wconf 91' lang='lat' dir='ltr'><strong>dicto</strong></span> <span class='ocrx_word' id='word_1_187' title='bbox 1123 2906 1281 2988; x_wconf 74' lang='lat' dir='ltr'><strong>magistro</strong></span> 
     </span>
     <span class='ocr_line' id='line_1_25' title="bbox 109 3011 1282 3105; baseline -0.012 -14"><span class='ocrx_word' id='word_1_188' title='bbox 109 3053 115 3060; x_wconf 93' lang='lat'><strong>·</strong></span> <span class='ocrx_word' id='word_1_189' title='bbox 156 3025 275 3092; x_wconf 88' lang='lat' dir='ltr'><strong>Ireneo</strong></span> <span class='ocrx_word' id='word_1_190' title='bbox 292 3039 391 3105; x_wconf 91' lang='lat' dir='ltr'><strong>super</strong></span> <span class='ocrx_word' id='word_1_191' title='bbox 406 3013 685 3084; x_wconf 85' lang='lat' dir='ltr'><strong>Arcbidlaoonatu</strong></span> <span class='ocrx_word' id='word_1_192' title='bbox 701 3012 850 3097; x_wconf 89' lang='lat' dir='ltr'><strong>predicto</strong></span> <span class='ocrx_word' id='word_1_193' title='bbox 867 3019 901 3078; x_wconf 90' lang='lat' dir='ltr'><strong>et</strong></span> <span class='ocrx_word' id='word_1_194' title='bbox 916 3012 1076 3098; x_wconf 88' lang='lat' dir='ltr'><strong>capellis;</strong></span> <span class='ocrx_word' id='word_1_195' title='bbox 1097 3011 1159 3080; x_wconf 88' lang='lat' dir='ltr'><strong>sed</strong></span> <span class='ocrx_word' id='word_1_196' title='bbox 1174 3013 1282 3080; x_wconf 88' lang='lat' dir='ltr'><strong>dictus</strong></span> 
     </span>
     <span class='ocr_line' id='line_1_26' title="bbox 157 3120 1283 3217; baseline -0.012 -17"><span class='ocrx_word' id='word_1_197' title='bbox 157 3134 344 3217; x_wconf 75' lang='lat' dir='ltr'><strong>Episcopus</strong></span> <span class='ocrx_word' id='word_1_198' title='bbox 361 3123 547 3194; x_wconf 73' lang='lat' dir='ltr'><strong>leonensis</strong></span> <span class='ocrx_word' id='word_1_199' title='bbox 571 3122 943 3190; x_wconf 78' lang='lat' dir='ltr'><strong>excommunicationem</strong></span> <span class='ocrx_word' id='word_1_200' title='bbox 969 3120 1086 3189; x_wconf 88' lang='lat' dir='ltr'><strong>bibens</strong></span> <span class='ocrx_word' id='word_1_201' title='bbox 1102 3128 1137 3189; x_wconf 90' lang='lat' dir='ltr'><strong>ut</strong></span> <span class='ocrx_word' id='word_1_202' title='bbox 1152 3141 1283 3205; x_wconf 85' lang='lat' dir='ltr'><strong>aquam,</strong></span> 
     </span>
     <span class='ocr_line' id='line_1_27' title="bbox 162 3229 1283 3320; baseline -0.012 -12"><span class='ocrx_word' id='word_1_203' title='bbox 162 3241 285 3308; x_wconf 88' lang='lat' dir='ltr'><strong>Divina</strong></span> <span class='ocrx_word' id='word_1_204' title='bbox 301 3237 484 3320; x_wconf 90' lang='lat' dir='ltr'><strong>celebrare,</strong></span> <span class='ocrx_word' id='word_1_205' title='bbox 509 3235 608 3300; x_wconf 91' lang='lat' dir='ltr'><strong>immo</strong></span> <span class='ocrx_word' id='word_1_206' title='bbox 624 3229 833 3317; x_wconf 74' lang='lat' dir='ltr'><strong>prophanare</strong></span> <span class='ocrx_word' id='word_1_207' title='bbox 849 3231 1058 3318; x_wconf 86' lang='lat' dir='ltr'><strong>presumpsit,</strong></span> <span class='ocrx_word' id='word_1_208' title='bbox 1075 3237 1109 3299; x_wconf 88' lang='lat' dir='ltr'><strong>et</strong></span> <span class='ocrx_word' id='word_1_209' title='bbox 1124 3229 1283 3316; x_wconf 87' lang='lat' dir='ltr'><strong>presumit</strong></span> 
     </span>
     <span class='ocr_line' id='line_1_28' title="bbox 157 3337 1282 3429; baseline -0.011 -13"><span class='ocrx_word' id='word_1_210' title='bbox 157 3351 191 3416; x_wconf 93' lang='lat' dir='ltr'><strong>iu</strong></span> <span class='ocrx_word' id='word_1_211' title='bbox 207 3351 318 3416; x_wconf 88' lang='lat' dir='ltr'><strong>anime</strong></span> <span class='ocrx_word' id='word_1_212' title='bbox 334 3363 393 3412; x_wconf 88' lang='lat' dir='ltr'><strong>sue</strong></span> <span class='ocrx_word' id='word_1_213' title='bbox 409 3343 590 3429; x_wconf 87' lang='lat' dir='ltr'><strong>periculum</strong></span> <span class='ocrx_word' id='word_1_214' title='bbox 607 3347 640 3406; x_wconf 92' lang='lat' dir='ltr'><strong>et</strong></span> <span class='ocrx_word' id='word_1_215' title='bbox 655 3339 851 3408; x_wconf 87' lang='lat' dir='ltr'><strong>scandalum</strong></span> <span class='ocrx_word' id='word_1_216' title='bbox 877 3337 1107 3425; x_wconf 88' lang='lat' dir='ltr'><strong>plurimorum:</strong></span> <span class='ocrx_word' id='word_1_217' title='bbox 1125 3338 1212 3404; x_wconf 92' lang='lat' dir='ltr'><strong>unde</strong></span> <span class='ocrx_word' id='word_1_218' title='bbox 1227 3357 1282 3422; x_wconf 87' lang='lat' dir='ltr'><strong>pe·</strong></span> 
     </span>
     <span class='ocr_line' id='line_1_29' title="bbox 157 3442 1282 3545; baseline -0.012 -21"><span class='ocrx_word' id='word_1_219' title='bbox 157 3460 198 3526; x_wconf 89' lang='lat' dir='ltr'><strong>tit</strong></span> <span class='ocrx_word' id='word_1_220' title='bbox 223 3456 413 3545; x_wconf 85' lang='lat' dir='ltr'><strong>predictam</strong></span> <span class='ocrx_word' id='word_1_221' title='bbox 439 3447 790 3518; x_wconf 83' lang='lat' dir='ltr'><strong>excommunicationis</strong></span> <span class='ocrx_word' id='word_1_222' title='bbox 815 3448 1012 3514; x_wconf 89' lang='lat' dir='ltr'><strong>sententiam</strong></span> <span class='ocrx_word' id='word_1_223' title='bbox 1044 3443 1224 3531; x_wconf 75' lang='lat' dir='ltr'><strong>aggravari</strong></span> <span class='ocrx_word' id='word_1_224' title='bbox 1248 3442 1282 3532; x_wconf 84' lang='lat' dir='ltr'><strong>in</strong></span> 
     </span>
     <span class='ocr_line' id='line_1_30' title="bbox 158 3552 1282 3649; baseline -0.012 -16"><span class='ocrx_word' id='word_1_225' title='bbox 158 3567 302 3635; x_wconf 90' lang='lat' dir='ltr'><strong>cundem</strong></span> <span class='ocrx_word' id='word_1_226' title='bbox 320 3563 529 3649; x_wconf 90' lang='lat' dir='ltr'><strong>Episcopum,</strong></span> <span class='ocrx_word' id='word_1_227' title='bbox 546 3564 579 3626; x_wconf 91' lang='lat' dir='ltr'><strong>et</strong></span> <span class='ocrx_word' id='word_1_228' title='bbox 594 3555 750 3643; x_wconf 88' lang='lat' dir='ltr'><strong>suspendi</strong></span> <span class='ocrx_word' id='word_1_229' title='bbox 767 3556 810 3623; x_wconf 92' lang='lat' dir='ltr'><strong>ab</strong></span> <span class='ocrx_word' id='word_1_230' title='bbox 827 3553 1113 3624; x_wconf 82' lang='lat' dir='ltr'><strong>administratione</strong></span> <span class='ocrx_word' id='word_1_231' title='bbox 1128 3552 1282 3638; x_wconf 85' lang='lat' dir='ltr'><strong>spiritua·</strong></span> 
     </span>
     <span class='ocr_line' id='line_1_31' title="bbox 159 3663 1284 3755; baseline -0.011 -15"><span class='ocrx_word' id='word_1_232' title='bbox 159 3676 237 3742; x_wconf 89' lang='lat' dir='ltr'><strong>lium</strong></span> <span class='ocrx_word' id='word_1_233' title='bbox 253 3681 287 3742; x_wconf 89' lang='lat' dir='ltr'><strong>et</strong></span> <span class='ocrx_word' id='word_1_234' title='bbox 303 3669 533 3755; x_wconf 88' lang='lat' dir='ltr'><strong>temporalium</strong></span> <span class='ocrx_word' id='word_1_235' title='bbox 552 3683 657 3749; x_wconf 87' lang='lat' dir='ltr'><strong>nsque</strong></span> <span class='ocrx_word' id='word_1_236' title='bbox 674 3663 718 3732; x_wconf 90' lang='lat' dir='ltr'><strong>ad</strong></span> <span class='ocrx_word' id='word_1_237' title='bbox 732 3665 993 3733; x_wconf 78' lang='lat' dir='ltr'><strong>satisfactionem</strong></span> <span class='ocrx_word' id='word_1_238' title='bbox 1017 3663 1225 3749; x_wconf 79' lang='lat' dir='ltr'><strong>condignam,</strong></span> <span class='ocrx_word' id='word_1_239' title='bbox 1250 3668 1284 3728; x_wconf 91' lang='lat' dir='ltr'><strong>et</strong></span> 
     </span>
     <span class='ocr_line' id='line_1_32' title="bbox 159 3771 1210 3865; baseline -0.014 -15"><span class='ocrx_word' id='word_1_240' title='bbox 159 3783 300 3852; x_wconf 86' lang='lat' dir='ltr'><strong>eundem</strong></span> <span class='ocrx_word' id='word_1_241' title='bbox 317 3778 517 3865; x_wconf 90' lang='lat' dir='ltr'><strong>Episcopum</strong></span> <span class='ocrx_word' id='word_1_242' title='bbox 533 3773 695 3842; x_wconf 89' lang='lat' dir='ltr'><strong>canoniea</strong></span> <span class='ocrx_word' id='word_1_243' title='bbox 709 3791 798 3858; x_wconf 86' lang='lat' dir='ltr'><strong>pena</strong></span> <span class='ocrx_word' id='word_1_244' title='bbox 813 3772 932 3858; x_wconf 89' lang='lat' dir='ltr'><strong>puniri,</strong></span> <span class='ocrx_word' id='word_1_245' title='bbox 951 3771 1047 3840; x_wconf 89' lang='lat' dir='ltr'><strong>salvo</strong></span> <span class='ocrx_word' id='word_1_246' title='bbox 1063 3771 1131 3838; x_wconf 88' lang='lat' dir='ltr'><strong>iure</strong></span> <span class='ocrx_word' id='word_1_247' title='bbox 1147 3777 1210 3838; x_wconf 89' lang='lat' dir='ltr'><strong>etc.</strong></span> 
     </span>
     <span class='ocr_line' id='line_1_33' title="bbox 270 3877 1284 3972; baseline -0.008 -18"><span class='ocrx_word' id='word_1_248' title='bbox 270 3887 344 3954; x_wconf 88' lang='lat' dir='ltr'><strong>Lite</strong></span> <span class='ocrx_word' id='word_1_249' title='bbox 369 3885 468 3972; x_wconf 77' lang='lat' dir='ltr'><strong>igitur</strong></span> <span class='ocrx_word' id='word_1_250' title='bbox 493 3901 591 3967; x_wconf 88' lang='lat' dir='ltr'><strong>snper</strong></span> <span class='ocrx_word' id='word_1_251' title='bbox 615 3879 741 3949; x_wconf 89' lang='lat' dir='ltr'><strong>eisdem</strong></span> <span class='ocrx_word' id='word_1_252' title='bbox 772 3879 893 3947; x_wconf 92' lang='lat' dir='ltr'><strong>libellis</strong></span> <span class='ocrx_word' id='word_1_253' title='bbox 923 3877 1067 3964; x_wconf 81' lang='lat' dir='ltr'><strong>legitime</strong></span> <span class='ocrx_word' id='word_1_254' title='bbox 1099 3883 1284 3947; x_wconf 82' lang='lat' dir='ltr'><strong>contestata</strong></span> 
     </span>
     <span class='ocr_line' id='line_1_34' title="bbox 160 3984 1282 4080; baseline -0.013 -15"><span class='ocrx_word' id='word_1_255' title='bbox 160 4018 274 4065; x_wconf 87' lang='lat' dir='ltr'><strong>coram</strong></span> <span class='ocrx_word' id='word_1_256' title='bbox 298 3994 406 4080; x_wconf 89' lang='lat' dir='ltr'><strong>nobis,</strong></span> <span class='ocrx_word' id='word_1_257' title='bbox 432 3989 588 4060; x_wconf 85' lang='lat' dir='ltr'><strong>exhibitis</strong></span> <span class='ocrx_word' id='word_1_258' title='bbox 612 3989 688 4056; x_wconf 90' lang='lat' dir='ltr'><strong>binc</strong></span> <span class='ocrx_word' id='word_1_259' title='bbox 713 3987 792 4056; x_wconf 91' lang='lat' dir='ltr'><strong>inde</strong></span> <span class='ocrx_word' id='word_1_260' title='bbox 817 4005 857 4054; x_wconf 89' lang='lat' dir='ltr'><strong>ac</strong></span> <span class='ocrx_word' id='word_1_261' title='bbox 882 3986 1041 4071; x_wconf 88' lang='lat' dir='ltr'><strong>inspeetis</strong></span> <span class='ocrx_word' id='word_1_262' title='bbox 1054 3984 1282 4072; x_wconf 86' lang='lat' dir='ltr'><strong>processibus,</strong></span> 
     </span>
     <span class='ocr_line' id='line_1_35' title="bbox 159 4094 1285 4191; baseline -0.013 -17"><span class='ocrx_word' id='word_1_263' title='bbox 159 4109 255 4191; x_wconf 87' lang='lat' dir='ltr'><strong>nelis,</strong></span> <span class='ocrx_word' id='word_1_264' title='bbox 272 4102 482 4172; x_wconf 88' lang='lat' dir='ltr'><strong>munimentis</strong></span> <span class='ocrx_word' id='word_1_265' title='bbox 498 4107 532 4167; x_wconf 90' lang='lat' dir='ltr'><strong>et</strong></span> <span class='ocrx_word' id='word_1_266' title='bbox 547 4097 732 4166; x_wconf 87' lang='lat' dir='ltr'><strong>rationibus</strong></span> <span class='ocrx_word' id='word_1_267' title='bbox 749 4115 860 4163; x_wconf 88' lang='lat' dir='ltr'><strong>coram</strong></span> <span class='ocrx_word' id='word_1_268' title='bbox 876 4096 984 4179; x_wconf 92' lang='lat' dir='ltr'><strong>nobis,</strong></span> <span class='ocrx_word' id='word_1_269' title='bbox 1011 4101 1044 4161; x_wconf 88' lang='lat' dir='ltr'><strong>et</strong></span> <span class='ocrx_word' id='word_1_270' title='bbox 1063 4094 1196 4176; x_wconf 89' lang='lat' dir='ltr'><strong>auditis,</strong></span> <span class='ocrx_word' id='word_1_271' title='bbox 1222 4113 1285 4177; x_wconf 88' lang='lat' dir='ltr'><strong>que</strong></span> 
     </span>
     <span class='ocr_line' id='line_1_36' title="bbox 160 4200 1284 4300; baseline -0.015 -17"><span class='ocrx_word' id='word_1_272' title='bbox 160 4213 403 4300; x_wconf 87' lang='lat' dir='ltr'><strong>ccdempartes</strong></span> <span class='ocrx_word' id='word_1_273' title='bbox 427 4209 537 4277; x_wconf 87' lang='lat' dir='ltr'><strong>dicere</strong></span> <span class='ocrx_word' id='word_1_274' title='bbox 562 4226 604 4275; x_wconf 87' lang='lat' dir='ltr'><strong>ac</strong></span> <span class='ocrx_word' id='word_1_275' title='bbox 628 4222 814 4292; x_wconf 86' lang='lat' dir='ltr'><strong>proponere</strong></span> <span class='ocrx_word' id='word_1_276' title='bbox 838 4203 1030 4285; x_wconf 87' lang='lat' dir='ltr'><strong>voluerunt,</strong></span> <span class='ocrx_word' id='word_1_277' title='bbox 1056 4200 1284 4285; x_wconf 87' lang='lat' dir='ltr'><strong>consideratis,</strong></span> 
     </span>
     <span class='ocr_line' id='line_1_37' title="bbox 159 4309 1285 4406; baseline -0.013 -15"><span class='ocrx_word' id='word_1_278' title='bbox 159 4341 224 4406; x_wconf 87' lang='lat' dir='ltr'><strong>quc</strong></span> <span class='ocrx_word' id='word_1_279' title='bbox 252 4320 297 4389; x_wconf 92' lang='lat' dir='ltr'><strong>ad</strong></span> <span class='ocrx_word' id='word_1_280' title='bbox 322 4337 450 4406; x_wconf 89' lang='lat' dir='ltr'><strong>paoem,</strong></span> <span class='ocrx_word' id='word_1_281' title='bbox 478 4313 748 4398; x_wconf 89' lang='lat' dir='ltr'><strong>tranquillitatem</strong></span> <span class='ocrx_word' id='word_1_282' title='bbox 775 4312 952 4380; x_wconf 83' lang='lat' dir='ltr'><strong>sibonum</strong></span> <span class='ocrx_word' id='word_1_283' title='bbox 977 4315 1099 4376; x_wconf 90' lang='lat' dir='ltr'><strong>statum</strong></span> <span class='ocrx_word' id='word_1_284' title='bbox 1115 4309 1285 4392; x_wconf 87' lang='lat' dir='ltr'><strong>utriusque</strong></span> 
     </span>
     <span class='ocr_line' id='line_1_38' title="bbox 160 4418 1285 4518; baseline -0.016 -18"><span class='ocrx_word' id='word_1_285' title='bbox 160 4433 265 4518; x_wconf 88' lang='lat' dir='ltr'><strong>partis</strong></span> <span class='ocrx_word' id='word_1_286' title='bbox 282 4429 505 4515; x_wconf 87' lang='lat' dir='ltr'><strong>provenirent,</strong></span> <span class='ocrx_word' id='word_1_287' title='bbox 521 4423 632 4488; x_wconf 87' lang='lat' dir='ltr'><strong>taliter</strong></span> <span class='ocrx_word' id='word_1_288' title='bbox 648 4421 733 4487; x_wconf 88' lang='lat' dir='ltr'><strong>inter</strong></span> <span class='ocrx_word' id='word_1_289' title='bbox 749 4419 882 4486; x_wconf 86' lang='lat' dir='ltr'><strong>easdem</strong></span> <span class='ocrx_word' id='word_1_290' title='bbox 899 4426 1011 4505; x_wconf 89' lang='lat' dir='ltr'><strong>partes</strong></span> <span class='ocrx_word' id='word_1_291' title='bbox 1023 4419 1053 4485; x_wconf 91' lang='lat' dir='ltr'><strong>in</strong></span> <span class='ocrx_word' id='word_1_292' title='bbox 1065 4418 1196 4502; x_wconf 88' lang='lat' dir='ltr'><strong>scriptis</strong></span> <span class='ocrx_word' id='word_1_293' title='bbox 1212 4420 1285 4484; x_wconf 87' lang='lat' dir='ltr'><strong>seri-</strong></span> 
     </span>
     <span class='ocr_line' id='line_1_39' title="bbox 160 4523 1285 4614; baseline -0.014 -8"><span class='ocrx_word' id='word_1_294' title='bbox 160 4539 345 4608; x_wconf 86' lang='lat' dir='ltr'><strong>tentialiter</strong></span> <span class='ocrx_word' id='word_1_295' title='bbox 371 4535 570 4614; x_wconf 87' lang='lat' dir='ltr'><strong>ordinamus,</strong></span> <span class='ocrx_word' id='word_1_296' title='bbox 599 4529 806 4613; x_wconf 88' lang='lat' dir='ltr'><strong>arbitramur,</strong></span> <span class='ocrx_word' id='word_1_297' title='bbox 833 4527 1028 4610; x_wconf 83' lang='lat' dir='ltr'><strong>laudamus,</strong></span> <span class='ocrx_word' id='word_1_298' title='bbox 1054 4523 1285 4609; x_wconf 90' lang='lat' dir='ltr'><strong>componimus,</strong></span> 
     </span>
    </p>
   </div>
   <div class='ocr_carea' id='block_1_5' title="bbox 161 4631 1390 4806">
    <p class='ocr_par' dir='ltr' id='par_1_5' title="bbox 161 4631 1390 4806">
     <span class='ocr_line' id='line_1_40' title="bbox 161 4631 1390 4735; baseline -0.014 -22"><span class='ocrx_word' id='word_1_299' title='bbox 161 4645 427 4735; x_wconf 83' lang='lat' dir='ltr'><strong>pronunciamus,</strong></span> <span class='ocrx_word' id='word_1_300' title='bbox 445 4639 645 4728; x_wconf 87' lang='lat' dir='ltr'><strong>precipimus</strong></span> <span class='ocrx_word' id='word_1_301' title='bbox 662 4644 693 4701; x_wconf 89' lang='lat' dir='ltr'><strong>et</strong></span> <span class='ocrx_word' id='word_1_302' title='bbox 710 4633 916 4702; x_wconf 88' lang='lat' dir='ltr'><strong>mandamus.</strong></span> <span class='ocrx_word' id='word_1_303' title='bbox 943 4634 980 4700; x_wconf 90' lang='lat' dir='ltr'><strong>In</strong></span> <span class='ocrx_word' id='word_1_304' title='bbox 996 4633 1112 4721; x_wconf 87' lang='lat' dir='ltr'><strong>primis</strong></span> <span class='ocrx_word' id='word_1_305' title='bbox 1130 4631 1286 4702; x_wconf 86' lang='lat' dir='ltr'><strong>videlicet</strong></span> <span class='ocrx_word' id='word_1_306' title='bbox 1383 4711 1390 4722; x_wconf 24' lang='grc' dir='ltr'><strong>ι</strong></span> 
     </span>
     <span class='ocr_line' id='line_1_41' title="bbox 1032 4739 1073 4806; baseline 0 -26"><span class='ocrx_word' id='word_1_307' title='bbox 1032 4739 1073 4806; x_wconf 61' lang='grc' dir='ltr'><strong>ὃ*</strong></span> 
     </span>
    </p>
   </div>
   <div class='ocr_carea' id='block_1_6' title="bbox 0 0 1654 5280">
    <p class='ocr_par' dir='ltr' id='par_1_6' title="bbox 0 0 1654 5280">
     <span class='ocr_line' id='line_1_42' title="bbox 0 0 1654 5280; baseline 0 0"><span class='ocrx_word' id='word_1_308' title='bbox 0 0 1654 5280; x_wconf 95' lang='lat' dir='ltr'><strong> </strong></span> 
     </span>
    </p>
   </div>
  </div>
 </body>
</html>
