3270 5280
619 335 782 436 —1-3*

131 526 231 596 cuuis
247 533 435 616 pretaxato,
451 530 575 615 partim
591 547 668 596 vero
684 551 745 617 pro
761 529 907 600 remedio
922 533 1032 601 anime
1048 551 1105 598 sue
1131 537 1164 599 st
1188 549 1262 598 suo·

128 653 203 702 rum
234 635 476 720 progenitorum
516 637 721 705 contuleruut
754 640 789 702 et
820 637 1024 706 donauermrt
1063 638 1260 706 monasterio

129 739 251 808 Sancti
266 741 400 810 Martini
420 742 587 811 antedicto
613 743 646 810 in
671 747 865 830 perpetuum
881 743 1128 832 possidendam.
1160 745 1203 811 lit
1218 763 1261 812 ne

130 865 292 936 processu
306 851 462 937 temporis
490 850 592 919 alicui
617 858 831 937 cognatorum
856 853 1075 938 predictorum
1100 851 1260 919 nobilium

130 955 234 1025 liceat
251 956 433 1042 predictam
449 958 664 1030 donacionem
680 964 713 1028 et
723 959 937 1026 collacioucm
954 961 1067 1045 aliquo
1082 957 1260 1027 occasione

130 1071 291 1151 protensa
306 1085 484 1152 reuocare,
500 1067 562 1138 sod
576 1075 611 1137 vt
626 1064 793 1135 hereditas
809 1073 844 1133 et
859 1065 1047 1134 dotalicium
1073 1065 1187 1152 sepius
1212 1067 1261 1134 di·

131 1173 179 1238 oti
194 1177 383 1246 monasterii
407 1183 600 1260 permaneat
625 1173 809 1242 inuiolabili
848 1173 1001 1242 firmitate
1026 1171 1201 1259 roborato,
1218 1173 1259 1258 ij·

129 1281 207 1348 deur
223 1281 352 1372 nobiles
367 1305 389 1351 a
405 1283 501 1350 nobis
525 1282 690 1350 instanter
716 1282 887 1366 pecierunt
912 1281 1020 1368 ipsam
1038 1267 1260 1348 'donacionem

129 1397 243 1455 nostro
259 1389 433 1477 priuilegio
451 1389 648 1458 confirmari.
673 1387 816 1484 Quorum
833 1407 894 1456 uos
918 1385 1115 1475 peticionem
1140 1390 1259 1455 iustam

129 1504 163 1562 et
179 1496 361 1581 legitimam
377 1518 452 1566 esse
468 1498 689 1580 attendentes,
706 1500 739 1564 in
757 1497 821 1564 hac
838 1506 933 1583 parte
944 1503 1116 1581 presentes
1128 1515 1259 1562 conces-

127 1605 233 1672 simus
249 1607 375 1673 iitteras
392 1614 503 1674 nostro
520 1605 629 1690 sigillo
647 1607 870 1674 communitas.
888 1607 983 1672 Auno
994 1603 1126 1670 Domini
1141 1601 1261 1672 M³OG⁰

128 1715 339 1796 sexagesimo
355 1715 469 1800 primo,
496 1712 599 1782 tercio
623 1715 739 1782 Nouae
766 1711 936 1780 Frebvarii
963 1706 1057 1797 (rgy).
1098 1711 1258 1794 Magistro

129 1821 233 1888 Paulo
258 1823 410 1890 Ecclesie
435 1827 546 1890 nostre
574 1821 689 1889 Eiecto
715 1820 790 1886 aule
815 1821 917 1906 Regio
947 1817 1259 1898 vicecancellarm,

129 1927 290 2010 Gregorio
307 1928 449 1998 cantore
459 1980 468 2013 ,
494 1929 663 1998 Feliciauo
679 1926 834 2013 Custode,
850 1925 1011 1994 Michaele
1037 1923 1172 1992 Decauo
1189 1925 1257 1992 exi-

128 2035 303 2105 cientibus.

286 2229 433 2302 (Eredetis
447 2247 464 2286 a
478 2228 703 2288 ssent-mirtoui
715 2227 870 2302 idopdtsdss
888 2225 1106 2298 lerditdrdban.)
