3270 5280
918 341 962 411 22

349 560 429 607 nare
445 545 593 626 poterat,
620 542 685 606 nisi
712 562 753 608 ex
779 542 992 608 concessione
1016 545 1149 622 nostra,
1176 557 1273 620 qnam
1298 536 1341 603 de
1366 535 1478 602 buius·
1613 573 1615 622 p

350 647 439 715 modi
456 648 555 715 lactis
581 649 777 733 quibusdam
801 647 1021 716 familiaribus
1046 655 1080 714 et
1104 647 1188 714 bene
1213 645 1339 711 meritis
1366 643 1480 711 faeere

350 756 579 824 consueuimus
595 775 637 822 ex
653 757 769 838 gracia
785 756 943 842 speciali,
968 775 1028 825 nos
1046 755 1217 841 cupientes
1242 751 1381 820 utilitati
1396 749 1480 818 dicti
1506 749 1513 774 ¹

349 864 540 930 monasterii
556 865 670 932 Sancti
684 863 818 932 Martini
833 865 939 948 Regia
955 865 1160 948 benignitate
1175 860 1347 946 prouidere
1372 864 1409 926 ut
1423 877 1480 944 pa·

351 975 485 1055 tronus,
513 971 591 1037 licet
615 972 752 1038 collacio
784 973 1003 1057 predictarum
1028 979 1187 1040 terrarum
1212 969 1256 1037 ad
1271 987 1333 1037 nos
1349 967 1393 1034 de
1409 966 1481 1034 iure

349 1079 515 1165 pertinere
530 1078 701 1146 debuisset
717 1087 872 1162 tanquam
889 1081 959 1148 sine
976 1078 1097 1148 herede
1122 1077 1336 1162 decedentis3
1364 1081 1479 1143 tamen

349 1188 441 1273 pium
457 1187 663 1272 propositum
680 1187 768 1256 dicte
784 1197 934 1255 matrone
950 1189 1158 1258 attendentes
1175 1190 1209 1255 in
1224 1187 1289 1254 bac
1304 1191 1421 1270 parte,
1449 1189 1481 1249 et

350 1295 460 1380 ipsam
476 1294 521 1361 ad
538 1295 737 1379 explendum
754 1315 813 1362 sen
829 1293 1016 1365 laciendum
1033 1296 1235 1384 propositum
1255 1312 1350 1362 suum
1365 1310 1480 1379 snpra
1615 1309 1617 1314 ·

351 1400 476 1466 dictum
492 1399 525 1466 in
541 1402 723 1469 collacione
748 1407 907 1471 terrarum
932 1405 1154 1490 predictarum
1180 1403 1420 1487 permittimus,
1451 1405 1484 1468 et

351 1507 459 1576 eciam
475 1527 558 1585 nos,
583 1507 626 1575 ad
643 1527 738 1591 quem
764 1509 870 1596 magis
887 1511 1026 1579 collacic
1050 1513 1197 1598 ipsarum
1222 1518 1381 1579 terrarum
1408 1527 1483 1576 con·
1615 1543 1618 1558 ‹

351 1615 532 1682 suetudine
562 1617 669 1702 Regni
693 1616 901 1703 approbante
921 1617 962 1684 de
989 1620 1059 1686 inre
1083 1611 1288 1703 pertinebat,
1320 1621 1483 1702 perpetuo

351 1723 546 1790 contulimus
560 1725 763 1791 'monasterio
780 1725 971 1812 supradicto
993 1729 1058 1796 snb
1083 1727 1208 1795 eisdem
1235 1725 1333 1792 metis
1358 1731 1392 1791 et
1417 1730 1480 1790 ter-

352 1829 470 1914 minis,
497 1831 616 1914 quibus
633 1832 706 1916 ipsa
723 1837 874 1899 matrona
889 1834 1079 1920 supradicta
1096 1834 1299 1918 dignoscitur
1314 1835 1417 1898 antea
1432 1838 1484 1898 te-

352 1937 476 2005 nuisse.
500 1940 538 2004 In
555 1939 648 2004 cuins
665 1937 713 2002 rei
729 1941 919 2006 memoriam
937 1947 969 2006 et
984 1937 1173 2026 perpetuam
1198 1937 1386 2006 firmitatem
1412 1957 1485 2023 pre·

356 2050 469 2112 sentes
500 2045 629 2112 litteras
662 2043 811 2111 dedimus
852 2045 994 2135 duplicis
1024 2048 1126 2130 sigilli
1160 2047 1264 2115 nostri
1305 2045 1485 2112 munimine

352 2151 540 2219 roboratas.
564 2151 686 2218 Datum
712 2172 772 2237 per
797 2173 914 2222 manus
939 2157 1089 2237 magistri
1114 2155 1268 2240 Farkasij
1296 2153 1403 2221 Electi
1429 2152 1485 2219 Al-

353 2258 469 2324 bensis
485 2258 637 2324 Ecclesie
652 2255 728 2324 aule
743 2266 856 2325 nostre
873 2260 1170 2330 Vite-Cancellaril
1190 2261 1303 2328 dilecti
1320 2265 1352 2326 et
1377 2257 1485 2326 fidelis

352 2365 458 2431 nostri
476 2360 564 2432 aduc
596 2364 728 2431 Domini
745 2363 941 2436 M⁰OC⁰LX⁰
956 2371 1111 2456 secundo,
1128 2371 1235 2457 Regni
1250 2375 1360 2435 autem
1382 2365 1486 2435 nostri

352 2491 446 2542 anno
463 2473 620 2541 vicesimo
639 2477 769 2541 octauo.
1385 2483 1390 2488 ’

513 2647 658 2715 (ltredetie
670 2663 689 2702 a
699 2649 917 2708 ssent-mtrtoni
930 2651 1084 2724 fdapitsdg
1102 2650 1322 2721 lerdlttrdbsn.)

789 2937 890 2946 ..--
910 2940 1045 2952 --,..-.

354 3553 379 3619 1
381 3553 415 3618 V.
432 3553 515 3659 Bdla
530 3554 640 3640 kirtly
655 3577 677 3618 c
692 3553 969 3640 ceddae-federari&
990 3557 1214 3643 kdptolaanck
1233 3583 1426 3648 appanowa
1440 3566 1491 3632 a'u.

504 3659 693 3726 tdskcde'ardl
707 3661 826 3728 ttszclt
841 3661 1009 3748 okmdnydt
1025 3663 1131 3730 odori
1144 3687 1221 3751 coep.
1246 3668 1348 3734 1262.

462 3856 545 3923 Bela
558 3855 622 3924 Dei
638 3855 755 3942 gracia
769 3855 938 3938 Hungarie
948 3903 957 3937 ‚
975 3853 1166 3942 Dalmacie,
1183 3859 1344 3946 (treacle,
1371 3866 1492 3951 Rame,

354 3959 472 4027 Seruis
482 4008 490 4044 ,
509 3960 671 4044 Gallicis,
696 3961 912 4043 Lodomerie,
929 3959 1148 4046 Comanieque
1163 3964 1235 4033 Rex
1252 3970 1406 4040 omnibus
1423 3979 1494 4042 tam

354 4067 567 4152 presentibus
584 4087 682 4151 quam
698 4065 954 4135 suturislitteras
975 4075 1145 4150 presentes
1170 4073 1369 4160 inspecturis
1396 4081 1492 4147 salu-

354 4178 421 4238 tem
431 4172 463 4238 in
474 4173 617 4240 omnium
627 4174 810 4241 Scluatcre.
823 4173 876 4240 Ad
887 4174 1110 4243 uniuersorum
1121 4179 1274 4248 noticiam
1285 4192 1402 4252 tenore
1413 4204 1494 4270 pro·

354 4278 501 4346 sencinm
512 4281 659 4346 volumus
669 4280 853 4364 peruenire,
865 4279 952 4362 quod
972 4277 1079 4348 tidelis
1100 4289 1210 4350 noster
1219 4287 1333 4355 Fauno
1349 4309 1493 4361 venera·

353 4382 432 4450 bilis
441 4379 555 4454 Abbas
566 4386 757 4454 Monasterii
768 4386 882 4455 Sancti
892 4387 1025 4454 Martini
1033 4385 1074 4456 de
1084 4390 1305 4462 Sacroblonte
1313 4395 1492 4469 Pannonis

353 4488 399 4555 ad
414 4499 560 4562 nostram
586 4491 773 4563 accedendo
799 4493 1006 4577 presenciam
1031 4495 1126 4562 nobis
1147 4496 1369 4586 significauit,
1397 4506 1493 4590 quod

353 4595 424 4667 fllia
438 4597 527 4668 Petri
543 4599 602 4667 filii
618 4599 756 4670 Comitis
772 4598 962 4682 Leustech'p
988 4597 1103 4668 relicta
1129 4601 1292 4672 Oozmtcb
1320 4606 1380 4678 lilii
1398 4610 1491 4697 dog,
