3248 5274
635 407 793 510 Qa-

150 609 378 714 propensius
398 608 554 710 diligero
573 609 778 702 consuevit,
808 619 845 685 et
864 636 913 690 ue
929 637 1135 712 pravorum
1152 613 1268 696 homi·

151 763 246 816 num
265 735 446 813 molestiis
466 735 668 836 agitentur,
680 763 744 814 eos
755 747 949 837 tamquam
958 737 1023 841 pia
1041 751 1162 818 mater
1181 765 1269 818 suae

152 861 399 968 protectionis
418 862 624 938 munimine
643 861 854 948 confovere,

261 989 401 1070 Solet
438 1015 660 1070 annuere
697 1001 785 1068 eto.
822 1018 977 1092 usque
1004 993 1269 1095 impertiri.

158 1153 204 1182 =
219 1118 323 1196 Solet
333 1144 500 1196 annuere
510 1118 626 1196 Sedes
637 1119 856 1221 Apostolica
870 1121 942 1222 piis
951 1120 1049 1198 votis
1059 1131 1097 1198 et
1106 1121 1269 1202 honestis

156 1245 365 1350 petentium
384 1245 558 1346 precibus
577 1246 745 1324 favorem
764 1247 989 1326 benevolum
1008 1247 1198 1351 impertiri.

304 1573 306 1576 ,
442 1477 538 1582 1))Α
565 1479 766 1558 levelelr
793 1484 979 1582 vegdn:

257 1643 400 1723 Nulli
427 1673 546 1747 ergo
565 1655 612 1722 et
626 1671 655 1721 c.
679 1677 725 1706 =
748 1644 854 1724 Nulli
874 1671 966 1748 ergo
985 1648 1136 1725 omnino
1154 1645 1270 1725 homi·

151 1797 242 1850 num
271 1769 384 1846 liceat
407 1769 508 1847 hanc
536 1771 717 1873 paginam
745 1781 897 1847 nostrae
917 1829 925 1846 .
947 1830 955 1846 .
976 1831 984 1847 .
1006 1769 1270 1872 (concessionis
1333 1771 1336 1776 ’
1396 1797 1398 1802 ·

150 1924 257 2001 vagy
278 1897 571 1995 constitutionis,
591 1923 697 2002 vagy
717 1897 1011 1976 confirmationis
1031 1895 1120 2000 stb.)
1141 1899 1269 1976 inirin-

153 2051 243 2126 gere
254 2023 315 2102 vel
325 2024 359 2101 ei
370 2051 463 2102 ausu
473 2025 670 2101 temerario
681 2025 876 2102 contraire.
890 2025 930 2102 Si
950 2025 1032 2126 quis
1053 2039 1179 2104 autem
1196 2027 1268 2105 hoc

156 2161 342 2230 attentare
357 2151 663 2253 praesumpserit,
682 2151 980 2254 indignationem
1006 2153 1270 2255 omnipotentis

150 2279 222 2357 Dei
241 2290 279 2356 et
297 2279 502 2357 Beator‘um
520 2279 623 2355 Petri
653 2290 690 2355 et
708 2277 818 2354 Pauli
838 2278 1106 2380 Apostolorum
1134 2279 1211 2380 ejus
1231 2305 1270 2358 so

152 2407 302 2484 noverit
319 2405 589 2483 incursurum.“

259 2534 454 2629 Quodsi
482 2557 759 2610 nonomnes
779 2532 1178 2630 etc.=„Quodsinon
1196 2559 1269 2610 om·

150 2684 219 2736 nes
238 2659 297 2736 his
325 2659 553 2763 exequendis
582 2659 777 2761 potueritis
797 2660 993 2755 interesse,
1014 2661 1087 2737 duo
1107 2671 1271 2737 vestrum

150 2811 196 2862 ea
224 2787 489 2864 nichilominus
518 2785 770 2887 exequantur“
805 2783 925 2889 (vagy
954 2797 1015 2882 „tu
1043 2788 1159 2864 frater
1183 2787 1271 2888 Epi·

151 2937 265 3014 scope
275 2939 360 2991 cum
372 2941 499 2992 sorum
510 2914 629 2990 altero
649 2911 913 2989 nichilominus
925 2911 1152 3013 exequaris“,
1165 2939 1268 3017 vagy

151 3039 270 3136 „alter
289 3055 456 3118 vestrum
475 3067 519 3117 ea
537 3040 802 3117 nichilominus
823 3035 1077 3138 exequatur“).

258 3169 437 3244 Testes
458 3180 620 3256 autem
638 3177 725 3242 etc.
749 3196 795 3227 =
818 3165 950 3241 Testes
971 3175 1095 3241 autam
1114 3165 1176 3265 qui
1195 3163 1270 3240 fue·

149 3297 228 3373 rint
246 3294 439 3384 nominati,
460 3295 492 3368 si
511 3319 551 3369 se
570 3291 715 3394 gratia,
745 3291 830 3366 odio
852 3289 911 3366 vel
930 3291 1062 3367 timore
1081 3291 1272 3367 subtraxe-

150 3423 238 3516 rint,
257 3447 325 3522 per
353 3446 549 3497 censuram
570 3417 864 3495 ecclesiasticam
895 3413 1017 3520 (vagy
1044 3443 1201 3494 censura
1226 3419 1272 3494 si·

151 3542 246 3648 mili)
264 3545 516 3648 appellatione
536 3556 707 3622 cessante
718 3543 923 3646 compellas
942 3543 1091 3621 veritati
1109 3545 1272 3620 testimo·

151 3674 257 3750 nium
276 3671 508 3773 perhibere.“

259 3799 386 3899 Vdgre
405 3795 609 3874 emlltendd
628 3797 714 3898 meg
735 3823 828 3874 anon
859 3796 1050 3885 mddsaer,
1075 3793 1177 3898 mely
1198 3821 1272 3872 sae-

152 3925 230 4002 rint
249 3952 273 4002 a
291 3923 420 4026 ptptk
438 3921 570 4000 levelei
591 3948 614 3997 a
632 3921 1014 4027 regestalrcnyvekbe
1033 3919 1269 3998 iktattatnak.

153 4049 345 4158 Cohellius
364 4049 492 4126 Jalrob
514 4061 571 4126 ert
589 4047 866 4150 kcvetkazdleg
884 4048 956 4148 lrjo
979 4046 1035 4124 le:
1056 4047 1159 4143 „Ubi
1177 4047 1271 4122 litte·

152 4203 218 4253 rae
238 4175 477 4276 Apostolicae
493 4175 689 4278 expeditae
708 4175 845 4251 fuerint
864 4215 915 4228 —-
935 4215 986 4228 —
1005 4215 1057 4230 -
1077 4199 1271 4275 perunum

154 4328 199 4379 ex
218 4302 472 4403 scriptoribus,
485 4301 544 4377 vel
564 4327 692 4380 eorum
711 4301 892 4378 famulum
903 4301 952 4377 ad
969 4301 1170 4403 registrum
1188 4327 1273 4401 por·
1350 4355 1357 4368 .

153 4441 293 4518 tantur,
313 4429 375 4505 hic
394 4440 481 4505 taxa
500 4428 630 4505 similis
651 4429 898 4531 scriptoribus
917 4427 1040 4503 soluta
1058 4424 1216 4502 solvitur
1234 4427 1274 4500 in

153 4555 327 4632 manibus
347 4553 501 4632 alterius
520 4582 565 4633 ex
586 4553 893 4657 registratoribus
914 4552 1020 4630 adid
1039 4551 1206 4654 deputati
1221 4547 1275 4653 (hi

154 4681 253 4759 euim
280 4679 368 4761 licet
395 4705 550 4762 numero
569 4680 723 4786 viginti,
746 4680 948 4790 exquibus
968 4678 1168 4784 collegium
1185 4679 1273 4759 isto·
