3248 5274
847 403 1006 506 ...³32

368 609 478 684 debet
496 607 745 708 patrocinium
762 604 956 705 impertiri,
976 629 1024 678 ne
1042 601 1139 678 forte
1158 601 1354 682 cuiuslibet
1370 612 1487 677 teme·

365 735 546 810 maritatis
565 734 735 809 incursus
756 741 821 807 aut
841 756 903 804 eas
924 756 946 805 a
964 728 1157 829 proposito
1167 742 1328 825 revocet,
1348 742 1487 807 cutro-

366 863 448 958 bur,
469 861 567 962 quod
587 861 697 950 absit,
718 883 848 934 sacrae
866 853 1059 957 religionis
1079 867 1242 931 enervet.

473 989 606 1081 Quae
635 988 691 1063 de
719 984 864 1062 Sedis
902 993 1166 1082 etcusqus
1204 983 1484 1083 prevenire.

368 1148 413 1177 =
436 1115 603 1210 Quaado
624 1113 732 1190 Sedis
760 1109 1001 1212 Apostolicae
1022 1111 1242 1186 auctoritate
1261 1109 1484 1210 procedunt,

367 1270 456 1322 suae
475 1241 581 1319 decet
598 1241 785 1316 firmitatis
813 1239 949 1314 robore
978 1237 1211 1332 communiri,
1232 1250 1273 1312 ut
1292 1248 1329 1314 at
1347 1235 1484 1314 futuris

365 1369 595 1472 temporibus
622 1368 774 1444 valeant
800 1365 947 1440 illibate
975 1351 1198 1460 consistere,
1228 1377 1264 1440 et
1288 1376 1417 1465 optata
1436 1364 1485 1441 de

365 1495 438 1572 illis
457 1497 575 1596 possit
593 1493 734 1570 utilitas
753 1492 965 1595 provenire.

470 1623 707 1718 Quoniam
736 1634 787 1696 ut
814 1621 884 1694 ait
911 1615 1188 1720 Apostolus
1218 1629 1303 1694 etc.
1324 1643 1483 1720 usque

367 1761 632 1826 aeternam.
651 1781 696 1810 =
710 1749 898 1843 Quoniam
908 1757 951 1822 ut
961 1745 1013 1820 ait
1023 1745 1237 1846 Apostolus,
1257 1771 1386 1823 omnes
1405 1757 1481 1824 sta·

365 1876 486 1952 bimus
505 1887 591 1953 ante
610 1873 773 1951 tribunal
793 1871 952 1965 Christi,
982 1873 1188 1972 recepturi,
1215 1883 1326 1974 prout
1343 1873 1383 1949 in
1403 1897 1486 1950 cor·

364 2029 455 2104 pore
474 2005 667 2102 gessimus,
689 2001 769 2078 sive
787 2001 932 2088 bonum
951 1998 1071 2084 luerit,
1091 1998 1172 2074 sive
1190 1997 1355 2076 mulum:
1376 2025 1485 2100 opor.-

364 2139 418 2204 tet
435 2156 504 2205 nos
524 2130 621 2206 diem
644 2129 839 2205 messionis
860 2137 1047 2203 extremae
1066 2125 1341 2203 misericordiae
1360 2127 1482 2227 operi·

366 2256 435 2330 bus
446 2255 676 2356 praevenire,
688 2281 734 2330 ac
746 2265 985 2332 aeternorum
1002 2253 1139 2328 intuitu
1158 2253 1343 2329 seminare
1353 2253 1393 2328 in
1411 2263 1484 2328 ter·
1607 2245 1611 2254 ’

365 2379 435 2474 ris,
456 2381 555 2480 quod
583 2379 761 2456 reddente
780 2379 943 2456 Domino
972 2405 1055 2455 cum
1083 2378 1331 2481 multiplicato
1359 2379 1484 2456 fructu

365 2504 582 2606 recolligere
610 2505 812 2581 debeamus
842 2505 882 2580 in
912 2505 1045 2602 coelis;
1084 2505 1232 2580 firmam
1261 2528 1367 2607 spem
1393 2505 1484 2580 fidu-

366 2631 535 2732 ciamque
563 2643 744 2726 tenentes,
767 2633 945 2733 quoniam
965 2633 1027 2733 qui
1046 2635 1348 2733 parceseminat,
1368 2655 1485 2732 parce

367 2768 404 2831 et
423 2767 556 2850 metet,
583 2767 619 2832 et
638 2758 701 2857 qui
720 2757 881 2833 seminat
908 2757 947 2833 in
975 2758 1317 2855 benedictionibus,
1346 2759 1392 2834 de
1420 2760 1484 2836 be·

365 2879 638 2957 nedictionibus
658 2897 695 2958 et
712 2894 828 2959 metet
848 2883 946 2958 viam
968 2897 1172 2962 aeternam.

472 3008 712 3100 Quotiens
751 3035 772 3081 a
810 3010 959 3085 nobis
996 3021 1082 3086 etc.
1121 3037 1273 3113 usque
1311 3012 1483 3112 imper·

365 3131 464 3206 tiri.
487 3165 532 3194 =
547 3133 878 3226 Quotiensanobis
890 3135 1031 3235 petitur
1051 3137 1152 3237 quod
1169 3137 1344 3237 religioni
1362 3150 1401 3214 et
1419 3137 1484 3216 ho-

364 3257 502 3332 nestati
522 3259 724 3334 convenire
744 3260 967 3357 dinoscitur,
997 3265 1122 3339 animo
1140 3289 1209 3340 nos
1229 3263 1335 3341 decet
1352 3265 1483 3342 libenti

366 3385 587 3480 concedere,
616 3397 653 3460 et
681 3388 886 3486 petentium
917 3388 1108 3464 desideriis
1128 3417 1335 3492 congruum
1354 3392 1482 3467 suffra

365 3510 467 3610 giurn
487 3511 678 3610 impertiri.

471 3638 781 3738 Religiosam
827 3643 984 3718 vitam
1032 3643 1347 3742 eligentibus
1393 3656 1482 3720 etc.

364 3789 518 3862 usque
537 3763 799 3868 infringat.
824 3801 869 3830 =
882 3769 1111 3870 Religiosam
1123 3771 1239 3848 vitam
1259 3771 1481 3872 eligentibus

364 3891 622 3991 Apostolicurn
660 3895 836 3970 convenit
864 3897 996 3972 adesse
1024 3898 1266 3997 praesidium,
1303 3923 1351 3974 ne
1388 3897 1482 3975 lorte

365 4017 559 4094 cuiuslibet
579 4020 794 4096 temeritatis
812 4022 982 4098 incursus
1003 4035 1067 4098 aut
1087 4049 1149 4100 eos
1169 4051 1192 4100 a
1210 4026 1403 4125 proposito
1422 4051 1479 4100 re-

363 4153 481 4237 vocet,
501 4155 565 4218 aut
583 4145 704 4240 robur,
725 4147 825 4246 quod
844 4149 963 4241 absit,
993 4175 1124 4226 sacrae
1142 4151 1333 4252 religionis
1352 4151 1477 4226 iufrin-

363 4278 440 4366 gat.
460 4311 510 4320 -
532 4265 592 4368 (V.
612 4285 644 4345 o.
664 4271 815 4347 fentebb
834 4273 1108 4364 „Prudentibus
1127 4273 1362 4377 virginibus).

469 4391 809 4473 sacrosancta
844 4401 973 4475 Rom.
1002 4401 1243 4479 Ecclesia
1289 4413 1375 4482 etc.
1413 4427 1480 4488 us·

365 4543 455 4618 que
474 4521 620 4597 coufo
632 4549 759 4601 vere.
783 4559 828 4588 =
851 4524 1099 4606 sacrosancto
1117 4531 1288 4606 Romans
1306 4527 1476 4606 Ecclesia

364 4642 521 4720 humiles
542 4658 585 4720 ,et
613 4648 768 4727 devotos
797 4651 894 4728 filios
923 4678 967 4731 ex
994 4667 1165 4738 assuetae
1182 4656 1333 4760 pietatis
1352 4653 1476 4734 officio
