3250 5268
838 343 998 472 ..195-

354 571 507 660 eamsibi
522 571 592 638 lieri
607 571 639 636 ln
658 569 767 638 eadem
793 567 963 655 provincia
979 555 1185 649 mandavisti,
1211 565 1379 652 quandam
1398 567 1478 632 Pre-

354 683 411 747 latl
428 685 461 745 et
477 679 587 748 cleriei
604 679 747 747 eiusdem
765 675 944 762 provincie,
962 698 1044 761 quos
1056 677 1101 743 ad
1117 675 1239 744 dictam
1255 676 1480 762 provisionem

353 786 538 856 faciendam
555 783 753 854 intendebas
770 787 978 872 compellere,
1004 785 1229 853 recusaverint
1244 783 1352 868 ipsam
1368 772 1482 848 eidem

356 895 520 982 Episcopo
537 898 717 981 assignare.
734 891 815 961 Cum
832 896 943 978 itaque
962 886 1155 960 intentionis
1167 897 1277 959 nostre
1294 911 1359 957 non
1370 887 1481 975 suerit,

356 1023 415 1070 nee
432 1005 563 1087 existat,
583 1013 617 1068 ut
633 1000 665 1069 in
683 1003 833 1088 predicta
843 1001 1026 1088 provincia,
1043 1000 1076 1067 in
1093 1020 1158 1084 qna
1175 1020 1235 1085 pro
1251 998 1367 1066 eodem
1383 991 1485 1100 Bisa?

356 1111 459 1177 nieusi
478 1113 643 1198 Episcopo
660 1111 876 1200 scripsimus,
895 1119 927 1177 et
944 1111 1036 1178 dicta
1051 1111 1117 1178 sibi
1133 1109 1304 1178 exhibetur
1319 1102 1484 1196 provisio,

357 1229 392 1288 ut
408 1221 557 1306 superius
573 1228 624 1288 est
641 1239 839 1304 expressum,
860 1220 995 1287 deberet
1012 1221 1071 1285 alii
1086 1220 1251 1308 Episcopo
1277 1215 1357 1284 dicti
1373 1217 1481 1302 Regni

357 1330 391 1397 in
418 1327 607 1414 provisione
634 1327 795 1396 consimili
823 1328 1011 1412 provideri:
1032 1348 1092 1396 nos
1118 1317 1266 1395 volentes
1291 1345 1389 1412 snper
1415 1325 1482 1393 hoo

357 1443 497 1521 palerna
512 1434 735 1502 sollicitudine
761 1436 953 1522 providere,
980 1435 1177 1504 fraternitati
1195 1443 1246 1502 tue
1271 1439 1481 1522 mandamus,

358 1550 528 1626 qnatenus,
547 1545 575 1610 si
592 1549 643 1610 est
659 1543 726 1628 ita,
752 1561 816 1609 non
833 1545 1040 1611 obstantibus
1058 1543 1223 1629 aliquibus
1239 1546 1359 1615 litteris
1375 1548 1480 1630 impe-

358 1651 473 1736 tratis,
499 1653 719 1735 cuiuscunque
745 1654 868 1719 tenoris
886 1652 1029 1734 luerint,
1055 1652 1225 1721 ueletiam
1251 1654 1480 1740 impetrandis,

357 1779 422 1844 qne
438 1759 479 1826 de
506 1759 714 1846 presentibus
740 1781 807 1828 non
824 1759 962 1828 iecerint
987 1780 1178 1847 expressam
1201 1762 1418 1846 mentionem,
1446 1761 1481 1829 in

358 1867 489 1953 negotio
505 1867 704 1955 provisionis
729 1867 875 1936 eiusdem
890 1870 1049 1957 Episcopi
1063 1869 1096 1936 in
1112 1871 1202 1937 dicta
1218 1871 1391 1956 provincia
1407 1892 1482 1956 pre-

362 1983 454 2043 textu
470 1976 547 2044 talls
558 1976 794 2044 commissionis
810 1978 870 2045 tibi
886 1979 971 2045 lacte
987 1978 1122 2045 ulterius
1142 1999 1207 2047 non
1224 1979 1396 2065 procedas,
1419 2001 1483 2048 nec

358 2103 456 2169 super
471 2084 547 2170 ipsa
559 2084 747 2170 provisione
773 2085 942 2169 permittas
969 2087 1119 2152 Prelatos
1130 2135 1139 2170 ,
1164 2086 1310 2170 Gollegia
1325 2106 1385 2154 seu
1400 2087 1482 2153 alias

358 2212 518 2280 personas
543 2194 814 2261 Monastcriorum
841 2201 874 2260 et
893 2181 1113 2263 Ecclesisrum
1139 2193 1287 2264 eiusdem
1313 2195 1483 2280 provincie

358 2301 567 2384 aliquatenus
582 2301 757 2387 molestari,
770 2300 1027 2370 contradictores
1044 2307 1078 2367 et
1087 2303 1311 2369 molestatores
1328 2322 1389 2388 per
1405 2322 1481 2368 cen·

358 2411 464 2476 suram
482 2405 763 2490 ecclesiasticam,
787 2411 993 2498 appelatione
1010 2411 1208 2496 postposita,
1226 2410 1481 2496 compescendo.

358 2514 431 2582 Non
448 2518 619 2601 obstante,
646 2537 676 2584 ss
666 2515 876 2602 aliquibus,
893 2516 979 2601 quod
1000 2518 1293 2602 excommunicari,
1320 2518 1484 2604 suspendi

359 2625 410 2690 vel
436 2624 584 2692 interdici
610 2645 674 2691 uon
700 2626 848 2730 possint,
879 2627 997 2694 aSede
1021 2625 1216 2721 Apostolica
1239 2627 1284 2722 sil
1309 2627 1483 2695 indultum.

360 2729 481 2825 Datum
498 2735 591 2828 apud
612 2719 886 2800 UrbemVeterem
903 2734 959 2800 111
976 2733 1091 2802 Nonas
1114 2714 1315 2820 Septembris
1333 2735 1482 2824 (Pontifi-

360 2849 454 2908 calus
470 2839 588 2946 nostri)
605 2861 692 2908 anno
708 2841 815 2909 tertio.

457 3050 518 3123 (lv.
528 3051 627 3112 Orbrin
641 3049 716 3125 pdpa
728 3050 926 3128 Regestdbcl,
940 3053 1066 3112 Theiner
1076 3055 1114 3111 id.
1128 3076 1164 3112 m.
1179 3058 1199 3112 l.
1215 3056 1246 3113 k.
1260 3057 1323 3114 278.
1336 3057 1371 3126 l.)
1439 3133 1441 3138 Α

735 3365 738 3373 v
787 3355 1058 3374 ι-δ-ισ-ἠι-ι-ι-ιι-ι

898 3807 952 3874 ul.

359 4013 390 4078 A
407 4017 428 4080 1
432 4017 468 4081 V
486 4014 579 4082 Bata
585 4007 617 4082 da
623 4017 675 4101 fia
694 4017 802 4083 Isinda
825 4017 933 4106 kircily
947 4017 1029 4083 clltal
1047 4019 1214 4085 odlasztolt
1228 4019 1323 4083 birola
1348 4041 1370 4081 a
1386 4009 1487 4082 ὁιιᾶαἰ

359 4122 579 4211 kdplalannak
594 4149 616 4190 a
632 4125 710 4222 eseb-
715 4127 759 4190 idi
774 4123 915 4190 lalcszc-
917 4125 1029 4214 helyel,
1043 4125 1124 4214 moly
1140 4150 1161 4189 a
1177 4117 1280 4191 aintat'
1294 4124 1400 4192 rinnel
1408 4122 1485 4229 fcle'·¹

613 4231 689 4318 said,
707 4233 809 4298 vissae
829 4233 941 4299 adctni
955 4227 1106 4299 sendelik.
1131 4235 1231 4298 1264.
1426 4325 1428 4337 Ι

468 4426 537 4494 Nos
552 4427 721 4517 Philippus
737 4427 990 4514 strigoniensis,
1016 4425 1265 4514 Sobmaragdus
1289 4426 1487 4496 colocensis

365 4531 632 4621 Arcbiepiscopi,
658 4535 826 4604 Rolandos
852 4537 963 4604 Banna
988 4537 1087 4604 totins
1104 4535 1307 4619 Sclavenie,
1327 4535 1488 4616 Magister

364 4638 535 4709 Mauritius
546 4643 796 4712 Tassrnieorum
806 4645 938 4711 Domini
948 4643 1050 4729 Regis
1063 4679 1101 4690 -
1114 4671 1164 4690 ·-
1182 4674 1223 4693 --
1239 4681 1293 4723 -·,
1304 4641 1485 4712 Ladisluus
