3270 5280
644 377 805 480 Q-

159 557 275 618 untes
292 549 446 620 dedimus
462 551 591 621 litteras
606 555 708 642 sigilli
724 557 830 626 nostri
856 556 1021 644 duppliois
1043 555 1221 624 munimine
1235 579 1282 626 ro.

156 657 312 728 boratus.
335 656 460 726 Datum
476 675 537 745 per
551 677 670 732 manus
685 663 839 750 magistri
855 663 1012 750 Farkapp
1037 671 1144 748 photi
1160 671 1282 738 Alben-
1400 689 1408 704 ¹

131 772 198 839 ‘sis
213 781 293 847 aule
308 773 423 849 notite
438 775 735 850 Viae-Oaneellarii
751 776 864 848 dileeti
882 789 915 849 et
928 783 1043 856 fidelis
1066 784 1171 854 nostri
1193 803 1283 852 anno

148 881 285 955 Domini
299 888 476 959 millesimo
496 882 721 956 ducentesimo
746 891 959 972 sexagesimo
985 893 1143 966 seeundo.
1175 892 1283 980 Regni

153 999 268 1064 autem
283 997 389 1066 nostri
403 1015 492 1065 anno
507 995 665 1066 vicesimo
688 1000 817 1064 renuo.

308 1208 456 1282 (Exedetis
475 1227 494 1268 a
510 1207 725 1268 tuentmlrtoni
736 1208 893 1287 ibspitsig
904 1211 1128 1287 leviltiribuu.)

148 2227 212 2295 IV.
237 2221 319 2294 Belo
334 2227 444 2315 leirdip
458 2227 635 2315 megetiaiti
659 2225 773 2292 Pilum
796 2237 876 2292 nevit
897 2229 1093 2316 aaszonyaak
1109 2229 1279 2298 inteizkedi-

147 2337 212 2421 sait,
227 2334 308 2423 only
323 2333 407 2401 dltarl
426 2337 562 2424 Tamday
578 2338 609 2400 aa
625 2331 742 2400 Peterd
757 2337 838 2400 neoti
860 2333 998 2400 birtokdt
1014 2359 1036 2401 a
1048 2338 1281 2424 paunonbolmi

396 2442 602 2530 opdtacipaak
617 2441 899 2530 bopyomcinpozzu.
926 2444 1024 2508 1262.

259 2639 339 2707 bela
372 2640 436 2708 Dei
460 2641 576 2728 grania
601 2638 797 2726 Brugetia,
814 2637 997 2722 Dalmaeie,
1020 2639 1168 2722 Groneia,
1196 2642 1280 2710 Rern

152 2743 287 2830 Seruio,
304 2745 446 2814 Gallioie
455 2797 464 2830 ,
482 2746 698 2831 sedoneris,
718 2745 941 2830 Comanieque
957 2748 1027 2814 Rex
1043 2748 1194 2815 omnibus
1210 2755 1279 2816 tam

150 2852 359 2937 presentibus
377 2872 476 2938 quam
493 2852 612 2922 tutoris
628 2857 758 2922 litteras
774 2859 946 2939 presentes
971 2854 1169 2941 inspecturis
1195 2856 1281 2922 salu·

42 2955 50 2972 “
150 2964 218 3025 tem
235 2959 271 3027 iu
288 2963 434 3028 omnium
455 2963 632 3030 saluatore.
656 2961 707 3030 Ad
732 2961 958 3030 uniuersorum
984 2960 1141 3028 noticiam
1167 2967 1280 3029 tenore

150 3067 356 3153 presencium
372 3067 522 3136 volumus
538 3068 723 3156 peruenire,
734 3069 823 3154 quod
840 3069 961 3136 nobilis
977 3077 1127 3136 matrona
1143 3068 1278 3138 domino

151 3173 268 3256 Pikuri,
286 3173 353 3242 filia
371 3175 472 3262 Petri,
489 3176 605 3244 relicta
615 3175 776 3244 Oozmaeh
792 3176 852 3244 filli
869 3176 953 3260 eug,
969 3197 1038 3244 una
1052 3178 1203 3246 eumtilia
1218 3197 1280 3246 sua
1375 3231 1383 3248 .

152 3282 289 3351 domina
304 3283 430 3351 Albine
445 3287 489 3354 ad
514 3293 660 3355 nostram
687 3285 879 3356 accedendo
895 3286 1120 3371 presenciam,
1138 3305 1210 3356 eum
1227 3305 1279 3352 ea·

77 3381 81 3386 ’
150 3398 241 3460 reret
266 3391 393 3460 solaoio
425 3391 617 3477 liberorum,
640 3392 787 3460 anobis
819 3394 1056 3461 instantissime
1086 3392 1278 3476 postulauit,

150 3498 240 3585 puod
263 3500 437 3567 lioeneiam
462 3500 527 3567 sibi
551 3501 722 3586 daremus,
749 3506 786 3568 vt
811 3498 971 3586 quasdam
998 3506 1104 3566 terras
1121 3517 1200 3564 suas
1216 3496 1278 3562 Ta-

151 3627 249 3692 masy
265 3614 297 3674 et
311 3608 433 3676 Peterd
448 3615 654 3696 nuncupatas
663 3657 674 3694 ‚
695 3626 832 3691 quarum
849 3625 949 3674 unam
973 3604 1130 3673 videlieet
1153 3609 1276 3671 terram

152 3715 302 3802 'I'amasy
330 3713 496 3798 prediatus
521 3723 616 3803 pater
640 3733 720 3784 suus
747 3716 780 3780 in
807 3717 926 3799 copula
955 3711 1189 3781 matrimoniali
1214 3710 1286 3778 sibi

151 3824 355 3900 contulerat,
380 3829 414 3890 et
430 3823 541 3908 aliam,
558 3823 686 3890 soilieet
701 3829 823 3889 terram
839 3819 970 3908 Putem,
996 3819 1140 3905 quesibi
1164 3838 1185 3884 a
1209 3838 1280 3905 pre·

152 3937 333 3998 memorato
349 3929 467 3997 marito
484 3948 542 3995 sno
558 3929 674 3997 reliota
689 3928 799 3997 fuerat
824 3935 857 3996 et
880 3947 1038 4014 possessa
1058 3947 1117 4014 per
1142 3926 1280 3994 eandem

152 4035 289 4124 pacifice
306 4045 338 4104 et
354 4039 474 4121 quiete,
491 4037 640 4106 conterre
656 4045 770 4123 posset
786 4043 819 4104 et
835 4036 960 4105 donare
970 4034 1169 4104 lionasterio
1183 4033 1280 4101 Beati

153 4144 285 4212 Martini
301 4143 344 4212 de
361 4145 464 4213 Sacro
479 4145 589 4212 Monte
605 4143 772 4211 Pannonio
787 4163 847 4232 pro
862 4143 1007 4212 remedio
1035 4143 1143 4211 anime
1169 4160 1228 4209 sne
1245 4147 1279 4209 et

153 4254 264 4321 mariti
281 4254 331 4320 sui
346 4254 518 4321 memorati
542 4273 583 4320 ao
598 4249 657 4336 filij
685 4253 847 4337 Simonis,
873 4253 929 4338 qui
952 4271 1051 4338 snper
1077 4249 1167 4318 dieta
1191 4253 1279 4317 terre

153 4359 273 4430 Peterd
302 4361 536 4430 miserabiliter
567 4360 676 4427 extitit
704 4361 906 4429 interiectus.
931 4361 1052 4428 Verum
1076 4357 1153 4441 quia
1168 4371 1280 4423 seeun·
1386 4351 1390 4354 ’

154 4471 229 4539 dum
245 4467 352 4551 Regni
366 4471 470 4538 nostri
494 4467 768 4538 consuetudinem
798 4467 1016 4556 approbatam
1047 4463 1277 4552 possessiones

152 4575 224 4646 sine
239 4576 361 4646 herede
387 4577 621 4648 deeedenoium
646 4579 692 4646 ad
716 4599 833 4648 manus
857 4585 988 4647 nostras
1006 4575 1049 4644 de
1064 4575 1137 4642 inre
1154 4573 1276 4642 debent

151 4685 335 4772 periinere,
351 4705 413 4754 nee
430 4691 506 4774 ipsa
523 4693 675 4756 matrona
691 4687 733 4754 de
762 4687 863 4758 dietis
879 4687 976 4757 terris
1004 4685 1182 4770 quiequam
1195 4680 1279 4748 ordi·
