3270 5280
375 1069 395 1132 1
399 1068 436 1136 V.
461 1066 543 1134 atla
558 1067 669 1154 kircly
684 1069 787 1152 Jdaoa
812 1073 991 1141 aiadornalc
1017 1079 1121 1166 Zapor
1136 1082 1196 1143 adr
1215 1074 1362 1162 ffildtbo'l
1376 1075 1510 1160 Batyaa

629 1188 707 1241 acuit
722 1177 856 1244 birtokot
872 1181 1113 1271 odomdrayczzu.
1137 1185 1235 1251 1262.

479 1373 562 1440 Belo
578 1373 642 1439 Dei
657 1373 774 1456 gracia
798 1375 986 1464 Hungarie,
1004 1382 1196 1461 Delmecic,
1213 1379 1371 1463 Orcacie,
1391 1379 1504 1458 mine,

373 1481 506 1565 seruis,
539 1479 698 1564 Gallicis,
730 1480 942 1570 Lodcmerie,
969 1489 1194 1574 (inmanieque
1238 1489 1310 1557 Rex
1351 1485 1506 1552 omnibus

375 1595 547 1674 presentes
564 1589 693 1655 litteras
710 1589 909 1674 inspecturis
925 1595 1066 1663 sulutem
1092 1597 1126 1662 in
1151 1595 1300 1663 Domino.
1335 1593 1382 1661 Ut
1403 1591 1507 1659 colla·

372 1697 484 1762 ciones
500 1695 626 1779 Regum
643 1703 803 1782 perpetuo
821 1707 1052 1784 perseuerent,
1070 1701 1252 1769 litterarum
1278 1703 1390 1766 solent
1414 1699 1506 1763 testi·

373 1804 484 1871 monio
500 1803 702 1869 communiri.
728 1802 874 1872 Proinde
890 1807 934 1872 ad
950 1809 1177 1876 uniuersorum
1205 1807 1361 1874 noticiam
1390 1805 1507 1870 herum

371 1911 457 1978 serie
487 1913 634 1978 volumus
666 1913 859 1996 peruenire,
892 1914 977 1996 quod
1008 1917 1097 2001 pugil
1131 1917 1301 1984 Jchannes
1332 1913 1420 1979 filius
1447 1911 1504 1978 Jo·

373 2018 506 2099 hannis,
537 2015 583 2083 ad
598 2024 743 2082 nostram
760 2020 920 2086 accedens
936 2024 1157 2110 presenciam,
1175 2030 1288 2090 nostre
1305 2017 1506 2088 celsitudini

373 2123 611 2192 instantissime
629 2124 851 2213 supplicauit,
888 2139 921 2195 vt
946 2137 1067 2198 terram
1093 2131 1192 2197 uestri
1215 2129 1358 2215 Zaguria
1383 2126 1507 2193 Batina

372 2237 545 2315 vocatam,
578 2235 665 2297 terre
693 2251 753 2300 sue
779 2233 981 2304 hereditarie
1007 2245 1204 2322 contiguam,
1229 2239 1274 2303 ad
1298 2237 1364 2303 tria
1389 2242 1506 2302 aratra

374 2337 604 2424 sufficientem,
621 2339 663 2406 de
679 2339 885 2426 plenitudine
901 2349 1011 2411 nostre
1037 2347 1149 2429 gracie
1173 2345 1238 2413 sibi
1253 2345 1335 2410 dare
1352 2343 1505 2424 dignare·

372 2464 455 2514 mur.
479 2444 550 2512 Nos
567 2445 668 2530 igitur
695 2447 1024 2536 consideratisipsins
1049 2451 1200 2518 seruiciis
1224 2450 1374 2534 inpensis
1399 2455 1435 2516 et
1460 2445 1506 2510 in·

370 2553 567 2640 pendendis,
583 2553 705 2621 dietam
721 2560 843 2620 terram
860 2555 990 2644 Batyna
1006 2559 1093 2626 dicto
1103 2558 1123 2624 J
1126 2554 1280 2645 (otranni)
1292 2563 1324 2623 ct
1345 2575 1405 2644 per
1430 2574 1504 2624 enm

371 2663 438 2728 suis
454 2661 633 2730 heredibus
650 2660 799 2728 duximus
823 2663 1074 2748 conferendam,
1098 2670 1132 2732 et
1156 2663 1295 2731 eundem
1320 2663 1351 2730 J.
1378 2663 1410 2727 in
1429 2682 1505 2749 pos·

368 2767 549 2837 sessionem
575 2775 662 2836 terre
688 2768 819 2854 prefate
861 2773 1067 2858 corporalem
1100 2792 1159 2860 par
1183 2773 1379 2857 Magistrum
1405 2769 1503 2855 Moys

372 2886 449 2943 tunc
465 2877 622 2943 Comitem
639 2875 683 2943 de
699 2877 860 2964 Symigi0,
878 2877 1030 2946 dilectum
1045 2877 1173 2946 fidelem
1190 2887 1337 2946 nestrum
1363 2878 1505 2944 fecimus

372 2981 544 3050 introduci.
577 2981 676 3048 Cuius
693 2982 829 3064 quidem
844 2991 949 3064 mete,
965 2992 1063 3068 prout
1078 2985 1112 3050 in
1130 2985 1249 3052 litteris
1267 2982 1425 3051 Lamberi
1441 2981 1503 3048 Oo-

371 3091 480 3174 mitis,
498 3087 649 3155 officialis
666 3088 817 3174 Magistri
834 3089 929 3177 Moys
939 3141 949 3177 ,
967 3093 1019 3157 cni
1046 3093 1322 3180 perscripcicnem
1339 3099 1504 3157 metarum

371 3197 478 3262 dictus
495 3193 654 3280 magister
670 3195 763 3279 Mcys
780 3198 986 3264 commiserat
1018 3195 1091 3268 vice
1116 3219 1195 3284 sua,
1222 3199 1386 3264 contineri
1413 3197 1504 3262 ridi·

371 3323 462 3386 mus,
481 3301 544 3370 hcc
559 3302 675 3370 ordine
692 3301 944 3386 distinguuntur.
968 3306 1074 3373 Prima
1091 3314 1180 3374 meta
1206 3305 1323 3388 incipit
1348 3327 1390 3374 cx
1407 3303 1504 3370 meri-

370 3411 497 3480 dionali
513 3415 610 3496 purte
625 3411 718 3478 iuxta
733 3429 888 3495 magnam
908 3411 995 3478 riam
1006 3462 1015 3496 ,
1039 3411 1094 3479 vbi
1119 3422 1170 3479 est
1195 3419 1283 3479 meta
1307 3421 1419 3479 terrea
1431 3461 1440 3495 ,
1468 3411 1502 3474 in

370 3538 437 3604 qna
453 3524 505 3586 est
520 3517 618 3584 arbor
636 3517 762 3599 silicis,
795 3516 849 3584 cui
873 3517 977 3586 eciam
1000 3519 1200 3585 hereditaria
1226 3525 1316 3584 meta
1337 3517 1421 3584 dicti
1445 3519 1503 3585 Jo-

368 3625 488 3694 hannis
513 3645 555 3693 ex
571 3630 666 3709 parte
677 3623 841 3709 ¹Bekouch
857 3632 943 3690 terre
958 3643 1027 3708 suc,
1038 3631 1071 3696 et
1086 3632 1175 3692 meta
1190 3625 1323 3690 Nicolai
1334 3623 1394 3690 filii
1420 3623 1503 3689 Gre-

368 3734 453 3820 gorii
468 3733 671 3816 associatum
696 3732 816 3800 deinde
832 3733 866 3798 in
882 3732 999 3800 eadem
1013 3731 1069 3798 via
1088 3731 1256 3799 minimine
1283 3729 1502 3818 procedendo

368 3859 485 3909 versus
503 3839 706 3908 occidentem
723 3860 764 3908 ex
774 3839 909 3904 sinistra
924 3843 1018 3923 parte
1034 3837 1120 3906 dicte
1137 3838 1190 3904 vie
1205 3847 1257 3904 est
1273 3843 1363 3903 meta
1379 3846 1503 3918 terrea,

368 3951 403 4016 in
420 3966 485 4030 qua
500 3953 552 4014 cst
575 3947 675 4013 arbor
700 3965 764 4030 qne
790 3946 841 4008 ccl
864 3949 1086 4028 nuncupatur;
1118 3943 1238 4010 deinde
1264 3943 1441 4011 descendit
1466 3945 1502 4010 in

366 4055 490 4123 vallem
501 4103 510 4137 ‚
529 4052 624 4119 stibi
641 4053 675 4118 in
691 4071 775 4118 nasu
798 4045 884 4136 (igy)
906 4050 1047 4135 montis,
1066 4049 1121 4133 qui
1147 4049 1301 4117 Graduch
1327 4069 1502 4135 nuncupa·

366 4171 440 4247 tur,
456 4167 507 4228 est
522 4165 612 4227 mete
628 4159 781 4245 lapidea3
808 4165 842 4222 et
866 4155 908 4220 de
933 4174 1017 4222 nasu
1033 4155 1153 4222 montis
1178 4156 1333 4223 ascendit
1352 4157 1501 4241 minime,

364 4269 422 4336 rbi
438 4275 488 4336 cst
504 4271 595 4332 meta
610 4271 721 4333 terrea
730 4311 740 4349 ,
757 4264 791 4329 in
807 4281 873 4346 qua
888 4269 940 4328 est
954 4262 1053 4328 arbor
1069 4263 1165 4347 plicis
1186 4262 1286 4346 jnxta
1311 4264 1421 4346 viam,
1455 4265 1501 4331 ab

366 4376 473 4444 altera
488 4371 648 4458 partevic
664 4369 813 4438 secunda
829 4370 927 4437 arbor
944 4373 995 4433 cst
1025 4386 1119 4435 creec
1138 4367 1280 4452 signata,
1300 4369 1426 4437 deinde
1443 4369 1501 4438 dc-
