<?xml version="1.0" encoding="UTF-8"?>
<!DOCTYPE html PUBLIC "-//W3C//DTD XHTML 1.0 Transitional//EN"
    "http://www.w3.org/TR/xhtml1/DTD/xhtml1-transitional.dtd">
<html xmlns="http://www.w3.org/1999/xhtml" xml:lang="en" lang="en">
 <head>
  <title>
</title>
<meta http-equiv="Content-Type" content="text/html;charset=utf-8" />
  <meta name='ocr-system' content='tesseract 3.04.00' />
  <meta name='ocr-capabilities' content='ocr_page ocr_carea ocr_par ocr_line ocrx_word'/>
</head>
<body>
  <div class='ocr_page' id='page_1' title='image "./codexdiplomatic07wenzgoog_0034.png"; bbox 0 0 3270 5280; ppageno 0'>
   <div class='ocr_carea' id='block_1_1' title="bbox 369 1257 1499 1538">
    <p class='ocr_par' dir='ltr' id='par_1_1' title="bbox 369 1257 1499 1538">
     <span class='ocr_line' id='line_1_1' title="bbox 371 1257 1496 1348; baseline -0.004 -21"><span class='ocrx_word' id='word_1_1' title='bbox 371 1263 392 1326; x_wconf 92' lang='lat'><em>1</em></span> <span class='ocrx_word' id='word_1_2' title='bbox 397 1261 431 1326; x_wconf 92' lang='lat' dir='ltr'>V.</span> <span class='ocrx_word' id='word_1_3' title='bbox 449 1262 556 1327; x_wconf 67' lang='lat' dir='ltr'>Ordain</span> <span class='ocrx_word' id='word_1_4' title='bbox 575 1263 669 1348; x_wconf 76' lang='lat' dir='ltr'>pcipe</span> <span class='ocrx_word' id='word_1_5' title='bbox 694 1281 715 1322; x_wconf 87' lang='lat' dir='ltr'>a</span> <span class='ocrx_word' id='word_1_6' title='bbox 735 1257 967 1346; x_wconf 74' lang='lat' dir='ltr'>pocrwnbalmi</span> <span class='ocrx_word' id='word_1_7' title='bbox 995 1262 1131 1346; x_wconf 71' lang='lat' dir='ltr'>cqrdtadq</span> <span class='ocrx_word' id='word_1_8' title='bbox 1154 1283 1206 1324; x_wconf 81' lang='lat' dir='ltr'>sa</span> <span class='ocrx_word' id='word_1_9' title='bbox 1237 1261 1410 1346; x_wconf 80' lang='lat' dir='ltr'>cesapre&#39;mt&#39;</span> <span class='ocrx_word' id='word_1_10' title='bbox 1422 1271 1496 1347; x_wconf 76' lang='lat' dir='ltr'>pilo·</span> 
     </span>
     <span class='ocr_line' id='line_1_2' title="bbox 369 1363 1499 1456; baseline -0.002 -22"><span class='ocrx_word' id='word_1_11' title='bbox 369 1369 432 1456; x_wconf 75' lang='lat' dir='ltr'>put</span> <span class='ocrx_word' id='word_1_12' title='bbox 457 1371 489 1433; x_wconf 86' lang='lat' dir='ltr'>c&#39;s</span> <span class='ocrx_word' id='word_1_13' title='bbox 513 1366 669 1454; x_wconf 80' lang='lat' dir='ltr'>kciptalcn</span> <span class='ocrx_word' id='word_1_14' title='bbox 693 1367 777 1432; x_wconf 79' lang='lat' dir='ltr'>lc&#39;c&#39;sti</span> <span class='ocrx_word' id='word_1_15' title='bbox 801 1363 1064 1451; x_wconf 73' lang='lat' dir='ltr'>cqyonctlcnaeqelc</span> <span class='ocrx_word' id='word_1_16' title='bbox 1086 1365 1287 1432; x_wconf 72' lang='lat' dir='ltr'>tebbrtetc&#39;bco</span> <span class='ocrx_word' id='word_1_17' title='bbox 1310 1366 1499 1432; x_wconf 81' lang='lat' dir='ltr'>iotc&#39;zlcedc&#39;lc.</span> 
     </span>
     <span class='ocr_line' id='line_1_3' title="bbox 878 1474 981 1538; baseline 0.019 -2"><span class='ocrx_word' id='word_1_18' title='bbox 878 1474 981 1538; x_wconf 81' lang='lat'><em>1261.</em></span> 
     </span>
    </p>
   </div>
   <div class='ocr_carea' id='block_1_2' title="bbox 371 1667 1609 2083">
    <p class='ocr_par' dir='ltr' id='par_1_2' title="bbox 371 1667 1609 2083">
     <span class='ocr_line' id='line_1_4' title="bbox 479 1667 1501 1758; baseline -0.002 -19"><span class='ocrx_word' id='word_1_19' title='bbox 479 1671 630 1740; x_wconf 87' lang='lat' dir='ltr'>Vrbanus</span> <span class='ocrx_word' id='word_1_20' title='bbox 645 1671 828 1758; x_wconf 77' lang='lat' dir='ltr'>Episcopus</span> <span class='ocrx_word' id='word_1_21' title='bbox 845 1689 959 1737; x_wconf 90' lang='lat' dir='ltr'>seruus</span> <span class='ocrx_word' id='word_1_22' title='bbox 976 1688 1145 1736; x_wconf 88' lang='lat' dir='ltr'>seruorum</span> <span class='ocrx_word' id='word_1_23' title='bbox 1161 1667 1225 1736; x_wconf 89' lang='lat' dir='ltr'>Dei</span> <span class='ocrx_word' id='word_1_24' title='bbox 1241 1667 1421 1737; x_wconf 86' lang='lat' dir='ltr'>venerabili</span> <span class='ocrx_word' id='word_1_25' title='bbox 1437 1670 1501 1737; x_wconf 86' lang='lat' dir='ltr'>ira·</span> 
     </span>
     <span class='ocr_line' id='line_1_5' title="bbox 371 1775 1500 1866; baseline 0 -22"><span class='ocrx_word' id='word_1_26' title='bbox 371 1781 413 1846; x_wconf 91' lang='lat' dir='ltr'>tri</span> <span class='ocrx_word' id='word_1_27' title='bbox 535 1781 700 1866; x_wconf 74' lang='lat' dir='ltr'>Episcopo</span> <span class='ocrx_word' id='word_1_28' title='bbox 716 1775 896 1861; x_wconf 86' lang='lat' dir='ltr'>Waciensi,</span> <span class='ocrx_word' id='word_1_29' title='bbox 923 1785 957 1844; x_wconf 92' lang='lat' dir='ltr'>et</span> <span class='ocrx_word' id='word_1_30' title='bbox 983 1775 1113 1846; x_wconf 87' lang='lat' dir='ltr'>dilectis</span> <span class='ocrx_word' id='word_1_31' title='bbox 1142 1775 1218 1842; x_wconf 86' lang='lat' dir='ltr'>filiis</span> <span class='ocrx_word' id='word_1_32' title='bbox 1328 1779 1500 1865; x_wconf 90' lang='lat' dir='ltr'>Preposito</span> 
     </span>
     <span class='ocr_line' id='line_1_6' title="bbox 372 1885 1609 1972; baseline -0.002 -19"><span class='ocrx_word' id='word_1_33' title='bbox 372 1888 483 1954; x_wconf 80' lang='lat' dir='ltr'>Sancti</span> <span class='ocrx_word' id='word_1_34' title='bbox 499 1885 625 1955; x_wconf 78' lang='lat' dir='ltr'>unone</span> <span class='ocrx_word' id='word_1_35' title='bbox 650 1887 888 1972; x_wconf 73' lang='lat' dir='ltr'>strigoniensis</span> <span class='ocrx_word' id='word_1_36' title='bbox 913 1893 963 1952; x_wconf 89' lang='lat' dir='ltr'>et.</span> <span class='ocrx_word' id='word_1_37' title='bbox 982 1933 1015 1950; x_wconf 90' lang='lat'>..</span> <span class='ocrx_word' id='word_1_38' title='bbox 1047 1885 1184 1954; x_wconf 72' lang='lat' dir='ltr'>cantori</span> <span class='ocrx_word' id='word_1_39' title='bbox 1207 1885 1412 1952; x_wconf 86' lang='lat' dir='ltr'>laurinensis</span> <span class='ocrx_word' id='word_1_40' title='bbox 1440 1887 1500 1952; x_wconf 78' lang='lat' dir='ltr'>lic·</span> <span class='ocrx_word' id='word_1_41' title='bbox 1606 1899 1609 1902; x_wconf 84' lang='grc'><em>·</em></span> 
     </span>
     <span class='ocr_line' id='line_1_7' title="bbox 372 1991 1500 2083; baseline -0.002 -22"><span class='ocrx_word' id='word_1_42' title='bbox 372 1993 547 2062; x_wconf 86' lang='lat' dir='ltr'>elesiarum</span> <span class='ocrx_word' id='word_1_43' title='bbox 564 1995 748 2060; x_wconf 79' lang='lat' dir='ltr'><strong>salutemet</strong></span> <span class='ocrx_word' id='word_1_44' title='bbox 775 1993 1000 2077; x_wconf 84' lang='lat' dir='ltr'>Apostolioam</span> <span class='ocrx_word' id='word_1_45' title='bbox 1024 1991 1296 2060; x_wconf 76' lang='lat' dir='ltr'>benedictionem.</span> <span class='ocrx_word' id='word_1_46' title='bbox 1326 1993 1500 2083; x_wconf 77' lang='lat' dir='ltr'>Querelam</span> 
     </span>
    </p>
   </div>
   <div class='ocr_carea' id='block_1_3' title="bbox 369 2102 1505 3685">
    <p class='ocr_par' dir='ltr' id='par_1_3' title="bbox 369 2102 1505 3685">
     <span class='ocr_line' id='line_1_8' title="bbox 372 2102 1502 2170; baseline -0.001 -2"><span class='ocrx_word' id='word_1_47' title='bbox 372 2103 564 2170; x_wconf 87' lang='lat' dir='ltr'>dilectorum</span> <span class='ocrx_word' id='word_1_48' title='bbox 581 2102 720 2170; x_wconf 89' lang='lat' dir='ltr'>filiorum</span> <span class='ocrx_word' id='word_1_49' title='bbox 738 2102 878 2168; x_wconf 85' lang='lat' dir='ltr'>Abbatis</span> <span class='ocrx_word' id='word_1_50' title='bbox 896 2109 928 2167; x_wconf 89' lang='lat' dir='ltr'>et</span> <span class='ocrx_word' id='word_1_51' title='bbox 954 2103 1141 2168; x_wconf 74' lang='lat' dir='ltr'>conuentus</span> <span class='ocrx_word' id='word_1_52' title='bbox 1167 2102 1360 2169; x_wconf 83' lang='lat' dir='ltr'>Monasterii</span> <span class='ocrx_word' id='word_1_53' title='bbox 1385 2102 1502 2169; x_wconf 88' lang='lat' dir='ltr'>Sancti</span> 
     </span>
     <span class='ocr_line' id='line_1_9' title="bbox 372 2209 1501 2294; baseline 0.004 -22"><span class='ocrx_word' id='word_1_54' title='bbox 372 2209 507 2276; x_wconf 87' lang='lat' dir='ltr'>Martini</span> <span class='ocrx_word' id='word_1_55' title='bbox 524 2229 625 2294; x_wconf 84' lang='lat' dir='ltr'>snpra</span> <span class='ocrx_word' id='word_1_56' title='bbox 656 2210 861 2276; x_wconf 88' lang='lat' dir='ltr'>Pannoniam</span> <span class='ocrx_word' id='word_1_57' title='bbox 877 2211 920 2276; x_wconf 89' lang='lat' dir='ltr'>ad</span> <span class='ocrx_word' id='word_1_58' title='bbox 936 2211 1115 2277; x_wconf 84' lang='lat' dir='ltr'>Romanam</span> <span class='ocrx_word' id='word_1_59' title='bbox 1132 2209 1314 2276; x_wconf 76' lang='lat' dir='ltr'>Ecclesiam</span> <span class='ocrx_word' id='word_1_60' title='bbox 1329 2212 1420 2276; x_wconf 85' lang='lat' dir='ltr'>nullo</span> <span class='ocrx_word' id='word_1_61' title='bbox 1438 2229 1501 2276; x_wconf 90' lang='lat' dir='ltr'>mc-</span> 
     </span>
     <span class='ocr_line' id='line_1_10' title="bbox 372 2316 1493 2404; baseline -0.003 -20"><span class='ocrx_word' id='word_1_62' title='bbox 372 2317 425 2384; x_wconf 88' lang='lat' dir='ltr'>dio</span> <span class='ocrx_word' id='word_1_63' title='bbox 441 2318 636 2402; x_wconf 87' lang='lat' dir='ltr'>pertinentis</span> <span class='ocrx_word' id='word_1_64' title='bbox 654 2316 785 2384; x_wconf 81' lang='lat' dir='ltr'>Ordinis</span> <span class='ocrx_word' id='word_1_65' title='bbox 802 2317 917 2386; x_wconf 80' lang='lat' dir='ltr'>Sancti</span> <span class='ocrx_word' id='word_1_66' title='bbox 932 2317 1104 2386; x_wconf 85' lang='lat' dir='ltr'>Benedicti</span> <span class='ocrx_word' id='word_1_67' title='bbox 1122 2317 1304 2404; x_wconf 84' lang='lat' dir='ltr'>recepimus</span> <span class='ocrx_word' id='word_1_68' title='bbox 1329 2317 1493 2384; x_wconf 83' lang='lat' dir='ltr'>continen-</span> 
     </span>
     <span class='ocr_line' id='line_1_11' title="bbox 371 2423 1497 2512; baseline -0.001 -22"><span class='ocrx_word' id='word_1_69' title='bbox 371 2433 456 2504; x_wconf 89' lang='lat' dir='ltr'>tem,</span> <span class='ocrx_word' id='word_1_70' title='bbox 482 2423 568 2506; x_wconf 91' lang='lat' dir='ltr'>quod</span> <span class='ocrx_word' id='word_1_71' title='bbox 584 2424 780 2494; x_wconf 86' lang='lat' dir='ltr'>venerabilis</span> <span class='ocrx_word' id='word_1_72' title='bbox 807 2423 908 2491; x_wconf 86' lang='lat' dir='ltr'>frater</span> <span class='ocrx_word' id='word_1_73' title='bbox 925 2432 1036 2492; x_wconf 90' lang='lat' dir='ltr'>noster</span> <span class='ocrx_word' id='word_1_74' title='bbox 1053 2472 1061 2490; x_wconf 90' lang='lat'><strong>.</strong></span> <span class='ocrx_word' id='word_1_75' title='bbox 1078 2473 1085 2490; x_wconf 95' lang='lat'>.</span> <span class='ocrx_word' id='word_1_76' title='bbox 1104 2475 1111 2492; x_wconf 90' lang='lat'><em>.</em></span> <span class='ocrx_word' id='word_1_77' title='bbox 1131 2426 1314 2512; x_wconf 78' lang='lat' dir='ltr'>Episcopus</span> <span class='ocrx_word' id='word_1_78' title='bbox 1340 2431 1374 2491; x_wconf 88' lang='lat' dir='ltr'>et</span> <span class='ocrx_word' id='word_1_79' title='bbox 1401 2424 1497 2509; x_wconf 79' lang='lat' dir='ltr'>Capi-</span> 
     </span>
     <span class='ocr_line' id='line_1_12' title="bbox 372 2529 1503 2616; baseline 0 -20"><span class='ocrx_word' id='word_1_80' title='bbox 372 2531 476 2596; x_wconf 90' lang='lat' dir='ltr'>tulum</span> <span class='ocrx_word' id='word_1_81' title='bbox 493 2529 736 2615; x_wconf 83' lang='lat' dir='ltr'>vesprimiense</span> <span class='ocrx_word' id='word_1_82' title='bbox 751 2551 849 2616; x_wconf 88' lang='lat' dir='ltr'>super</span> <span class='ocrx_word' id='word_1_83' title='bbox 865 2532 1059 2614; x_wconf 86' lang='lat' dir='ltr'>quibusdam</span> <span class='ocrx_word' id='word_1_84' title='bbox 1082 2533 1219 2600; x_wconf 85' lang='lat' dir='ltr'>decimis</span> <span class='ocrx_word' id='word_1_85' title='bbox 1244 2541 1278 2602; x_wconf 89' lang='lat' dir='ltr'>et</span> <span class='ocrx_word' id='word_1_86' title='bbox 1304 2533 1401 2600; x_wconf 86' lang='lat' dir='ltr'>robus</span> <span class='ocrx_word' id='word_1_87' title='bbox 1427 2531 1503 2598; x_wconf 88' lang='lat' dir='ltr'>aliis</span> 
     </span>
     <span class='ocr_line' id='line_1_13' title="bbox 373 2637 1501 2728; baseline 0.004 -27"><span class='ocrx_word' id='word_1_88' title='bbox 373 2637 566 2703; x_wconf 75' lang='lat' dir='ltr'>iniurientur</span> <span class='ocrx_word' id='word_1_89' title='bbox 582 2637 717 2706; x_wconf 90' lang='lat' dir='ltr'>eisdem.</span> <span class='ocrx_word' id='word_1_90' title='bbox 747 2638 891 2722; x_wconf 87' lang='lat' dir='ltr'>Ideoque</span> <span class='ocrx_word' id='word_1_91' title='bbox 916 2639 1109 2707; x_wconf 90' lang='lat' dir='ltr'>discretioni</span> <span class='ocrx_word' id='word_1_92' title='bbox 1144 2647 1254 2708; x_wconf 88' lang='lat' dir='ltr'>vestre</span> <span class='ocrx_word' id='word_1_93' title='bbox 1277 2661 1337 2728; x_wconf 87' lang='lat' dir='ltr'>per</span> <span class='ocrx_word' id='word_1_94' title='bbox 1360 2641 1501 2726; x_wconf 84' lang='lat' dir='ltr'>Aposto-</span> 
     </span>
     <span class='ocr_line' id='line_1_14' title="bbox 374 2743 1502 2830; baseline 0.005 -22"><span class='ocrx_word' id='word_1_95' title='bbox 374 2744 440 2810; x_wconf 88' lang='lat' dir='ltr'>lica</span> <span class='ocrx_word' id='word_1_96' title='bbox 456 2745 582 2830; x_wconf 88' lang='lat' dir='ltr'>scripta</span> <span class='ocrx_word' id='word_1_97' title='bbox 596 2743 798 2822; x_wconf 87' lang='lat' dir='ltr'>mandamus,</span> <span class='ocrx_word' id='word_1_98' title='bbox 812 2747 966 2828; x_wconf 76' lang='lat' dir='ltr'>quatinus</span> <span class='ocrx_word' id='word_1_99' title='bbox 982 2747 1130 2830; x_wconf 84' lang='lat' dir='ltr'>partibus</span> <span class='ocrx_word' id='word_1_100' title='bbox 1147 2749 1336 2816; x_wconf 87' lang='lat' dir='ltr'>conuocatis</span> <span class='ocrx_word' id='word_1_101' title='bbox 1355 2747 1502 2816; x_wconf 87' lang='lat' dir='ltr'>audiatis</span> 
     </span>
     <span class='ocr_line' id='line_1_15' title="bbox 373 2852 1505 2938; baseline 0.004 -21"><span class='ocrx_word' id='word_1_102' title='bbox 373 2871 469 2936; x_wconf 86' lang='lat' dir='ltr'>eam,</span> <span class='ocrx_word' id='word_1_103' title='bbox 495 2859 529 2917; x_wconf 93' lang='lat' dir='ltr'>et</span> <span class='ocrx_word' id='word_1_104' title='bbox 559 2853 759 2938; x_wconf 74' lang='lat' dir='ltr'>apellatione</span> <span class='ocrx_word' id='word_1_105' title='bbox 785 2861 913 2920; x_wconf 86' lang='lat' dir='ltr'>remota</span> <span class='ocrx_word' id='word_1_106' title='bbox 936 2852 1000 2922; x_wconf 86' lang='lat' dir='ltr'>fine</span> <span class='ocrx_word' id='word_1_107' title='bbox 1024 2853 1135 2921; x_wconf 88' lang='lat' dir='ltr'>debito</span> <span class='ocrx_word' id='word_1_108' title='bbox 1161 2853 1322 2921; x_wconf 88' lang='lat' dir='ltr'>decidatis</span> <span class='ocrx_word' id='word_1_109' title='bbox 1344 2853 1505 2922; x_wconf 81' lang='lat' dir='ltr'>iacientes</span> 
     </span>
     <span class='ocr_line' id='line_1_16' title="bbox 371 2955 1503 3042; baseline 0.004 -19"><span class='ocrx_word' id='word_1_110' title='bbox 371 2959 458 3042; x_wconf 90' lang='lat' dir='ltr'>quod</span> <span class='ocrx_word' id='word_1_111' title='bbox 474 2955 687 3026; x_wconf 89' lang='lat' dir='ltr'>decreueritis</span> <span class='ocrx_word' id='word_1_112' title='bbox 704 2961 898 3026; x_wconf 85' lang='lat' dir='ltr'>auctoritate</span> <span class='ocrx_word' id='word_1_113' title='bbox 913 2967 1028 3027; x_wconf 83' lang='lat' dir='ltr'>nostra</span> <span class='ocrx_word' id='word_1_114' title='bbox 1042 2959 1176 3028; x_wconf 89' lang='lat' dir='ltr'>tirmiter</span> <span class='ocrx_word' id='word_1_115' title='bbox 1186 2961 1367 3028; x_wconf 86' lang='lat' dir='ltr'>obseruari.</span> <span class='ocrx_word' id='word_1_116' title='bbox 1384 2961 1503 3028; x_wconf 78' lang='lat' dir='ltr'>Testes</span> 
     </span>
     <span class='ocr_line' id='line_1_17' title="bbox 371 3064 1502 3151; baseline 0.004 -22"><span class='ocrx_word' id='word_1_117' title='bbox 371 3070 480 3130; x_wconf 88' lang='lat' dir='ltr'>antem</span> <span class='ocrx_word' id='word_1_118' title='bbox 506 3065 561 3148; x_wconf 91' lang='lat' dir='ltr'>qui</span> <span class='ocrx_word' id='word_1_119' title='bbox 586 3064 707 3132; x_wconf 86' lang='lat' dir='ltr'>fuerint</span> <span class='ocrx_word' id='word_1_120' title='bbox 735 3067 914 3151; x_wconf 86' lang='lat' dir='ltr'>nominati,</span> <span class='ocrx_word' id='word_1_121' title='bbox 941 3069 970 3133; x_wconf 94' lang='lat' dir='ltr'>si</span> <span class='ocrx_word' id='word_1_122' title='bbox 996 3085 1033 3132; x_wconf 90' lang='lat' dir='ltr'>se</span> <span class='ocrx_word' id='word_1_123' title='bbox 1057 3069 1186 3151; x_wconf 76' lang='lat' dir='ltr'>gratis,</span> <span class='ocrx_word' id='word_1_124' title='bbox 1211 3066 1286 3136; x_wconf 91' lang='lat' dir='ltr'>odio</span> <span class='ocrx_word' id='word_1_125' title='bbox 1313 3069 1368 3134; x_wconf 86' lang='lat' dir='ltr'>vel</span> <span class='ocrx_word' id='word_1_126' title='bbox 1383 3069 1502 3135; x_wconf 88' lang='lat' dir='ltr'>timore</span> 
     </span>
     <span class='ocr_line' id='line_1_18' title="bbox 372 3171 1504 3261; baseline 0.002 -23"><span class='ocrx_word' id='word_1_127' title='bbox 372 3171 591 3238; x_wconf 82' lang='lat' dir='ltr'>subtraxerint</span> <span class='ocrx_word' id='word_1_128' title='bbox 607 3192 709 3240; x_wconf 87' lang='lat' dir='ltr'>causa</span> <span class='ocrx_word' id='word_1_129' title='bbox 726 3174 758 3240; x_wconf 90' lang='lat' dir='ltr'>in</span> <span class='ocrx_word' id='word_1_130' title='bbox 774 3175 967 3261; x_wconf 83' lang='lat' dir='ltr'>prescripta,</span> <span class='ocrx_word' id='word_1_131' title='bbox 993 3173 1215 3260; x_wconf 85' lang='lat' dir='ltr'>appellatione</span> <span class='ocrx_word' id='word_1_132' title='bbox 1241 3179 1394 3240; x_wconf 86' lang='lat' dir='ltr'>cessante</span> <span class='ocrx_word' id='word_1_133' title='bbox 1419 3193 1504 3240; x_wconf 91' lang='lat' dir='ltr'>com·</span> 
     </span>
     <span class='ocr_line' id='line_1_19' title="bbox 371 3279 1499 3363; baseline 0.002 -19"><span class='ocrx_word' id='word_1_134' title='bbox 371 3279 480 3363; x_wconf 87' lang='lat' dir='ltr'>pellas</span> <span class='ocrx_word' id='word_1_135' title='bbox 504 3279 637 3346; x_wconf 87' lang='lat' dir='ltr'>veritati</span> <span class='ocrx_word' id='word_1_136' title='bbox 662 3281 881 3348; x_wconf 90' lang='lat' dir='ltr'>testimonium</span> <span class='ocrx_word' id='word_1_137' title='bbox 906 3281 1075 3348; x_wconf 88' lang='lat' dir='ltr'>adhibere.</span> <span class='ocrx_word' id='word_1_138' title='bbox 1115 3280 1213 3361; x_wconf 82' lang='lat' dir='ltr'>Quod</span> <span class='ocrx_word' id='word_1_139' title='bbox 1240 3281 1268 3347; x_wconf 90' lang='lat' dir='ltr'>si</span> <span class='ocrx_word' id='word_1_140' title='bbox 1295 3300 1359 3346; x_wconf 93' lang='lat' dir='ltr'>non</span> <span class='ocrx_word' id='word_1_141' title='bbox 1384 3300 1499 3348; x_wconf 91' lang='lat' dir='ltr'>omnes</span> 
     </span>
     <span class='ocr_line' id='line_1_20' title="bbox 370 3383 1501 3471; baseline 0.004 -23"><span class='ocrx_word' id='word_1_142' title='bbox 370 3383 436 3449; x_wconf 92' lang='lat' dir='ltr'>hiis</span> <span class='ocrx_word' id='word_1_143' title='bbox 453 3386 656 3467; x_wconf 80' lang='lat' dir='ltr'>exequendis</span> <span class='ocrx_word' id='word_1_144' title='bbox 674 3387 846 3471; x_wconf 89' lang='lat' dir='ltr'>potueritis</span> <span class='ocrx_word' id='word_1_145' title='bbox 863 3392 1043 3470; x_wconf 90' lang='lat' dir='ltr'>interesse,</span> <span class='ocrx_word' id='word_1_146' title='bbox 1067 3388 1132 3456; x_wconf 91' lang='lat' dir='ltr'>duo</span> <span class='ocrx_word' id='word_1_147' title='bbox 1158 3393 1302 3455; x_wconf 81' lang='lat' dir='ltr'>restrum</span> <span class='ocrx_word' id='word_1_148' title='bbox 1320 3408 1360 3453; x_wconf 92' lang='lat' dir='ltr'>ca</span> <span class='ocrx_word' id='word_1_149' title='bbox 1384 3387 1501 3454; x_wconf 87' lang='lat' dir='ltr'>nibilo-</span> 
     </span>
     <span class='ocr_line' id='line_1_21' title="bbox 369 3491 1505 3575; baseline 0.004 -19"><span class='ocrx_word' id='word_1_150' title='bbox 369 3491 475 3560; x_wconf 89' lang='lat' dir='ltr'>minos</span> <span class='ocrx_word' id='word_1_151' title='bbox 491 3501 702 3575; x_wconf 86' lang='lat' dir='ltr'>exequantur.</span> <span class='ocrx_word' id='word_1_152' title='bbox 727 3497 846 3560; x_wconf 86' lang='lat' dir='ltr'>Datum</span> <span class='ocrx_word' id='word_1_153' title='bbox 863 3495 1000 3562; x_wconf 89' lang='lat' dir='ltr'>Viterbii</span> <span class='ocrx_word' id='word_1_154' title='bbox 1017 3495 1076 3562; x_wconf 91' lang='lat'><em>111.</em></span> <span class='ocrx_word' id='word_1_155' title='bbox 1092 3495 1216 3564; x_wconf 86' lang='lat' dir='ltr'>mensis</span> <span class='ocrx_word' id='word_1_156' title='bbox 1234 3493 1384 3561; x_wconf 89' lang='lat' dir='ltr'>Octobris</span> <span class='ocrx_word' id='word_1_157' title='bbox 1411 3495 1457 3561; x_wconf 90' lang='lat' dir='ltr'>Po</span> <span class='ocrx_word' id='word_1_158' title='bbox 1468 3516 1505 3560; x_wconf 93' lang='lat' dir='ltr'>n·</span> 
     </span>
     <span class='ocr_line' id='line_1_22' title="bbox 369 3597 1317 3685; baseline 0.012 -25"><span class='ocrx_word' id='word_1_159' title='bbox 369 3597 513 3665; x_wconf 86' lang='lat' dir='ltr'>tificatus</span> <span class='ocrx_word' id='word_1_160' title='bbox 530 3600 631 3666; x_wconf 85' lang='lat' dir='ltr'>nostri</span> <span class='ocrx_word' id='word_1_161' title='bbox 647 3618 734 3667; x_wconf 80' lang='lat' dir='ltr'>enno</span> <span class='ocrx_word' id='word_1_162' title='bbox 758 3599 873 3685; x_wconf 91' lang='lat' dir='ltr'>primo.</span> <span class='ocrx_word' id='word_1_163' title='bbox 1314 3611 1317 3619; x_wconf 87' lang='lat'>&#39;</span> 
     </span>
    </p>
   </div>
   <div class='ocr_carea' id='block_1_4' title="bbox 512 3771 1345 3849">
    <p class='ocr_par' dir='ltr' id='par_1_4' title="bbox 512 3771 1345 3849">
     <span class='ocr_line' id='line_1_23' title="bbox 512 3771 1345 3849; baseline 0.001 -21"><span class='ocrx_word' id='word_1_164' title='bbox 512 3771 657 3843; x_wconf 79' lang='lat' dir='ltr'>OEredetie</span> <span class='ocrx_word' id='word_1_165' title='bbox 677 3793 694 3831; x_wconf 86' lang='lat' dir='ltr'>a</span> <span class='ocrx_word' id='word_1_166' title='bbox 713 3775 928 3848; x_wconf 73' lang='lat' dir='ltr'>quent-mdrtcni</span> <span class='ocrx_word' id='word_1_167' title='bbox 947 3773 1104 3849; x_wconf 75' lang='lat' dir='ltr'>idapdtsdg</span> <span class='ocrx_word' id='word_1_168' title='bbox 1123 3772 1345 3846; x_wconf 72' lang='lat' dir='ltr'>leveltdrdban.)</span> 
     </span>
    </p>
   </div>
   <div class='ocr_carea' id='block_1_5' title="bbox 0 0 1640 5280">
    <p class='ocr_par' dir='ltr' id='par_1_5' title="bbox 0 0 1640 5280">
     <span class='ocr_line' id='line_1_24' title="bbox 0 0 1640 5280; baseline 0 0"><span class='ocrx_word' id='word_1_169' title='bbox 0 0 1640 5280; x_wconf 95' lang='lat' dir='ltr'> </span> 
     </span>
    </p>
   </div>
  </div>
 </body>
</html>
