3270 5280
846 345 1002 447 „³⁶-

361 539 577 626 Symigieusis
603 548 636 606 et
663 540 903 629 Vorosdiensis,
922 545 1068 630 Philippi
1084 541 1235 628 Magistri
1251 543 1484 610 Pincemarum

358 655 565 732 nostrorum,
608 647 703 716 (lhak
738 649 890 735 Magistri
920 651 1152 738 Dapiferornm
1184 649 1315 715 domine
1345 649 1485 735 Regiae,

359 757 485 824 Thome
500 755 542 820 dc
557 755 692 822 Kerkou
719 764 752 823 ct
776 759 882 826 Pouse
907 759 1183 827 Bacciniferorum
1215 765 1399 826 nostrorum
1421 757 1484 825 Oo-

358 865 481 948 mitum,
497 863 623 932 Thomu
640 867 776 934 Oomitis
793 867 836 934 de
853 869 1017 953 Harasna,
1031 876 1066 942 ct
1081 868 1189 934 Pobor
1206 867 1343 937 Comitis
1361 867 1483 933 Preco-

359 991 446 1056 num,
464 981 496 1041 et
514 973 650 1043 aliorum
677 974 912 1062 quamplurium
929 978 1109 1044 iuravimus
1125 977 1159 1043 in
1175 995 1291 1042 manus
1307 975 1410 1061 ipsius
1426 991 1483 1058 pe·

358 1084 542 1152 nitenciarii
568 1085 789 1153 sacrosanctis
819 1087 1001 1172 evangeliis
1032 1093 1066 1153 et
1096 1087 1185 1171 ligno
1216 1083 1345 1153 vivifice
1377 1083 1483 1150 crucis

358 1193 574 1278 corporaliter
589 1192 696 1275 tactis,
723 1191 812 1275 quod
838 1215 904 1261 non
922 1193 1169 1262 molestabimus
1184 1195 1292 1279 ipsum
1308 1191 1408 1258 tilium
1426 1209 1481 1257 no-

357 1311 455 1371 strum
472 1301 596 1386 Regem
621 1298 835 1386 Stephanum,
863 1321 924 1368 nec
945 1303 1105 1388 Reginam
1123 1303 1282 1370 iuniorem
1298 1305 1484 1368 consortem

357 1431 462 1496 suam,
479 1409 688 1477 karissimam
714 1427 831 1474 nurum
856 1415 1010 1497 nostram,
1036 1429 1097 1477 nec
1123 1411 1270 1477 homines
1295 1427 1395 1493 suos,
1423 1425 1484 1474 nec

356 1527 463 1586 terras
480 1538 601 1598 eorum,
625 1535 686 1584 uec
710 1517 853 1598 aliquem
870 1521 1057 1604 exercitum,
1075 1520 1129 1586 vel
1145 1519 1390 1604 expedicionem
1407 1535 1485 1583 con-

357 1635 410 1693 tra
425 1629 526 1712 ipsos,
554 1627 607 1694 rel
632 1633 747 1693 contra
772 1631 878 1694 terras
899 1647 1020 1712 eorum,
1035 1629 1089 1694 rel
1105 1627 1169 1695 sibi
1184 1625 1419 1694 adhereucium
1437 1622 1485 1689 la·

358 1737 562 1820 ciamus,ch
587 1753 609 1802 a
632 1735 751 1801 nostris
776 1735 847 1801 fieri
872 1735 1105 1822 permittemus,
1123 1741 1156 1802 et
1171 1735 1304 1820 aliquas
1330 1733 1485 1800 civitates

356 1851 416 1910 aut
431 1848 551 1926 eastra,
576 1841 630 1909 rel
656 1841 753 1908 villas
778 1849 835 1908 aut
859 1842 1089 1928 possessiones
1106 1841 1253 1930 ipsorum
1269 1842 1401 1926 aliquas
1418 1859 1485 1906 non

357 1951 602 2036 occupabimus,
631 1969 692 2017 nec
718 1951 875 2036 occupari
901 1974 921 2019 a
946 1955 1066 2020 nostris
1091 1954 1334 2038 permittemus,
1361 1949 1424 2017 scd
1444 1967 1486 2014 ea

355 2068 451 2146 parte
467 2059 575 2145 Regni
590 2058 702 2140 nostri,
713 2059 980 2141 possessionibus
997 2067 1029 2126 et
1044 2061 1215 2142 reditibus,
1232 2079 1295 2144 que
1310 2079 1370 2144 pro
1386 2055 1485 2125 nobis

356 2170 596 2250 retinuerimus,
621 2167 706 2231 sieut
733 2167 766 2231 in
795 2166 869 2251 ipsa
894 2168 1134 2252 composicione
1160 2170 1355 2242 continetur,
1372 2179 1485 2232 sumus

356 2288 388 2346 et
415 2278 535 2343 erimus
561 2273 715 2358 contenti,
743 2273 850 2356 quoad
883 2275 1070 2361 vixerimus,
1101 2275 1241 2344 Domino
1267 2273 1483 2343 concedente.

355 2383 541 2451 Predictam
559 2382 665 2448 eciam
682 2381 956 2467 composicionem
974 2383 1164 2450 iuramentis
1180 2384 1300 2450 nostris
1317 2389 1351 2450 et
1367 2397 1484 2466 supra·

355 2491 435 2559 dicti
449 2491 508 2556 filii
524 2487 630 2555 nostri
648 2487 814 2572 vallatam,
827 2488 872 2556 ad
889 2491 1127 2575 beneplacitum
1144 2499 1177 2559 ct
1192 2490 1384 2558 mandatum
1400 2487 1484 2554 Bea-

356 2597 509 2666 titudinis
525 2597 661 2680 Vcstre,
687 2603 720 2662 ct
746 2597 842 2662 Sedis
868 2597 1059 2684 Apostolicc
1076 2599 1327 2667 observabimus
1343 2595 1482 2663 inviola-

354 2706 466 2774 biliter
482 2705 569 2773 bona
584 2703 648 2771 lide
675 2711 706 2772 et
732 2704 804 2770 siue
829 2705 947 2772 fraudo
973 2714 1006 2773 et
1023 2705 1107 2791 dolo,
1125 2715 1159 2773 ct
1175 2707 1335 2796 saciemnp
1351 2725 1413 2791 per
1429 2724 1484 2770 no·

356 2819 441 2882 stros
459 2811 609 2880 similiter
636 2811 815 2878 observari.
849 2811 892 2878 Et
908 2821 943 2879 nt
959 2814 1171 2882 ostendamus
1188 2813 1410 2899 probabiliter
1426 2830 1486 2897 per

355 2919 513 2996 effectum,
530 2916 619 3002 quod
645 2937 695 3004 ca,
723 2937 785 3002 que
802 2918 1002 2988 inmanibus
1020 2921 1099 2987 dicti
1114 2920 1343 3006 penitenciarii
1361 2919 1484 2986 iurari·

353 3047 434 3111 mus,
452 3024 711 3109 observabimus,
728 3034 761 3094 et
778 3045 941 3110 nunquam
959 3029 1253 3113 contraveniemus,
1270 3027 1484 3095 submisimus

353 3144 387 3204 et
403 3137 622 3206 submittimus
650 3155 708 3202 nos
733 3136 851 3202 libenti
866 3137 976 3204 animo
993 3145 1026 3201 ct
1041 3145 1228 3223 spontanea
1244 3139 1419 3204 voluntate
1437 3135 1483 3202 ei-

353 3246 427 3312 dem
442 3243 679 3330 penitenciario
705 3243 738 3308 in
764 3241 826 3308 boc
853 3244 949 3327 lacto,
967 3243 1122 3312 videlicet
1139 3252 1173 3310 ut
1189 3244 1261 3330 ipse
1278 3246 1485 3312 sentenciam

353 3350 702 3421 excommunicacionis
729 3357 762 3417 ct
787 3351 1015 3436 suspensionis
1041 3351 1073 3416 in
1100 3369 1160 3417 nos
1176 3359 1209 3417 et
1224 3358 1366 3435 nostros,
1385 3356 1421 3416 et
1436 3352 1484 3418 iu·

352 3461 484 3529 terdicti
509 3459 674 3525 interrae
699 3463 732 3526 et
759 3459 905 3542 capellas
931 3465 1073 3544 nostras,
1099 3465 1194 3545 prout
1219 3459 1285 3526 sibi
1300 3457 1484 3541 videbitur,

351 3569 557 3656 promulget:
576 3567 693 3650 quibus
720 3568 899 3633 sentenciis
926 3565 1049 3633 involvi
1074 3571 1106 3632 et
1131 3565 1228 3651 ligari
1253 3566 1406 3633 volumus
1422 3585 1485 3632 nos

352 3682 387 3744 et
403 3683 542 3761 nostros,
568 3673 596 3738 si
623 3671 915 3758 presumpserimus
939 3691 1055 3758 pacem
1071 3679 1104 3740 et
1119 3671 1331 3742 concordiem
1348 3674 1418 3741 iam
1435 3672 1484 3740 fa-

351 3789 437 3850 ctam
455 3781 658 3868 perturbarc‚
674 3781 728 3846 vel
746 3785 862 3847 contra
886 3780 1103 3846 iuramentum
1120 3788 1265 3848 nostrum
1281 3781 1407 3866 venire,
1427 3781 1484 3847 rel

352 3891 626 3976 composicionem
651 3887 840 3972 intringere,
866 3887 918 3953 vel
945 3887 1050 3971 ipsam
1081 3887 1114 3953 in
1143 3887 1256 3970 aliquo
1272 3889 1410 3956 violare.
1444 3887 1484 3954 ln

351 3999 446 4084 cujus
472 4000 520 4065 rei
546 3995 766 4064 testimouium
790 4001 962 4080 presentes
988 3994 1117 4062 litteras
1144 4003 1257 4063 nostro
1283 3996 1395 4080 sigillo
1425 3995 1484 4063 du·

352 4108 444 4193 plici,
462 4113 495 4173 et
511 4103 760 4189 Archiepiscopi
776 4101 1021 4187 strigoniensis,
1047 4109 1080 4169 et
1105 4101 1244 4169 aliorum
1262 4105 1433 4172 Beronum
1451 4111 1485 4172 et

350 4215 496 4282 fidelium
521 4217 705 4278 nostrorum
730 4208 955 4292 inscriptorum
981 4209 1097 4295 sigillis
1123 4209 1259 4279 lecimus
1277 4211 1484 4279 communiri.

349 4321 472 4388 Datum
498 4325 578 4406 aput
602 4313 749 4406 Lypcha,
775 4334 864 4382 anno
891 4315 1022 4381 Domini
1052 4315 1228 4384 millesimo
1260 4317 1486 4388 ducentieimo
1566 4384 1567 4387 ,

349 4430 559 4516 sexagesimo
576 4428 689 4511 tercio,
706 4423 808 4491 tercio
829 4421 942 4489 Nonas
959 4421 1107 4506 Augusti.

563 4623 619 4684 (Aa
633 4618 742 4674 eredeti
756 4612 826 4670 utdn
839 4613 964 4671 Theiner
978 4615 1015 4669 id.
1034 4631 1070 4670 m.
1083 4613 1105 4669 1.
1118 4615 1146 4670 k.
1159 4617 1222 4672 ael.
1236 4619 1269 4689 l.)
