3250 5268
605 282 747 384 El„

108 474 341 542 sedictionem.
365 477 469 547 Tuum
488 477 638 546 volentes
662 477 826 546 bonorare
842 497 1031 564 personam,
1055 484 1162 564 etper
1178 479 1236 550 bo·

108 604 223 650 norem
243 585 305 650 tibi
321 585 502 654 exhibitum
527 587 605 654 aliis
621 587 816 670 providere,
833 586 1022 658 conferendi
1039 593 1166 672 perte,
1182 590 1237 656 rel

107 711 167 776 per
183 692 289 757 alium
306 701 364 760 aut
379 693 464 759 alios
488 693 638 778 personis
664 692 791 761 idoneis
809 691 971 760 beneficia
997 694 1236 780 ecelesiastica,

106 806 308 882 personatus
324 808 358 870 et
374 799 553 886 dignitates
580 821 652 868 oum
668 820 748 869 cura
764 807 798 870 et
813 800 887 872 siue
901 821 998 880 cura,
1014 822 1078 887 que
1094 801 1236 872 dilectos

106 904 196 974 tilius
213 906 419 992 Tymotbeus
436 908 668 992 Zagrabiensis
694 909 829 980 Electus
846 911 1059 996 promotionis
1083 930 1142 981 soe
1158 918 1238 978 tem·

107 1033 190 1097 pore
206 1015 241 1079 in
257 1015 372 1100 Regno
388 1013 536 1099 ngarie
554 1015 735 1092 obtinebat,
755 1036 795 1084 ac
805 1014 952 1084 faciendi
967 1036 1128 1101 personas
1143 1018 1236 1104 ipsas

109 1122 151 1188 ad
168 1120 334 1220 beneficia
349 1121 555 1210 huiusmodi,
572 1122 603 1190 si
619 1123 652 1188 in
670 1124 831 1192 Ecclesiis
848 1125 1024 1208 collegatis
1040 1125 1171 1212 fuerint,
1187 1145 1236 1192 re·

1 1313 2 1326 ἵ
108 1229 174 1315 cipi
191 1229 228 1296 in
246 1229 432 1297 Canonioos
461 1231 543 1298 etin
564 1230 702 1315 iratres,
719 1249 780 1300 nec
797 1251 862 1300 non
889 1233 1148 1305 contradictores
1177 1252 1236 1318 per

1 1385 2 1388 ,
109 1357 286 1406 censuram
311 1337 593 1426 ecclesiasticam,
618 1338 846 1424 appellatione
870 1342 1075 1428 postposite,
1108 1361 1235 1428 compe-

1 1471 2 1493 *
109 1448 238 1532 scendi,
254 1469 323 1518 non
339 1449 491 1516 obstante
502 1454 591 1514 certo
601 1447 824 1516 Ecclesiarum
841 1449 987 1534 ipsarum
998 1450 1234 1518 canonicorum

109 1573 248 1620 numero
265 1555 463 1638 iuramento,
481 1553 730 1626 confirmatione
748 1556 942 1642 Apostolice
959 1557 1053 1624 Sedis
1069 1557 1141 1624 sive
1156 1575 1234 1640 qua·

111 1682 241 1748 cunque
266 1661 422 1730 firmitate
446 1663 590 1746 vallato,
617 1671 675 1730 aut
699 1664 729 1730 si
745 1663 926 1732 direximus
952 1667 983 1732 in
1011 1683 1053 1732 ea
1077 1685 1136 1752 pro
1162 1664 1235 1733 aliis

109 1770 238 1856 scripta
262 1777 396 1854 nostra,
423 1789 481 1841 seu
497 1771 526 1837 si
542 1771 639 1840 Sedis
663 1770 809 1839 eiusdem
836 1772 890 1838 vel
906 1771 1105 1856 Legatorum
1131 1771 1235 1857 ipsius

110 1886 167 1942 aut
183 1897 377 1962 quacunque
394 1878 592 1946 auctoritate
608 1879 641 1945 in
660 1879 709 1946 eis
725 1878 759 1944 in
776 1878 961 1949 Canonicos
976 1878 1078 1962 aliqui
1095 1885 1170 1948 suut
1186 1899 1235 1954 re

1 1966 2 1982 ¹
109 1985 209 2075 cepti,
225 1987 280 2052 uel
295 1991 331 2051 nt
347 1985 561 2071 recipiantur,
579 1987 743 2072 insistant,
759 1986 880 2070 quibus
890 2005 950 2071 per
966 1985 1029 2054 hoo
1045 2006 1108 2070 quo
1125 2007 1147 2052 a
1178 2007 1232 2054 as-

108 2095 316 2170 secutionem
332 2095 470 2162 aliorum
487 2093 739 2182 beneficiorum,
764 2102 997 2182 personatuum
1011 2095 1066 2162 rel
1090 2093 1235 2179 dignita·

1 2247 2 2258 η
109 2208 175 2268 tum
193 2201 410 2288 preiudicium
421 2203 560 2300 'nullum
576 2201 634 2269 fiat
644 2253 654 2290 ,
679 2209 739 2270 aut
752 2203 782 2270 si
798 2209 850 2270 est
866 2199 1034 2286 aliquibus
1059 2202 1103 2269 ab
1120 2201 1235 2273 eadem

1 2307 2 2318 ’
106 2309 198 2404 Sede
215 2309 398 2397 indultum,
422 2313 512 2396 quod
529 2311 574 2380 ad
590 2313 811 2400 receptionem
827 2312 881 2385 vel
898 2311 1120 2400 provisionem
1135 2312 1235 2382 alicu-

106 2420 157 2488 ius
175 2421 313 2490 minime
326 2429 503 2493 teneantur
513 2471 523 2506 ,
547 2429 580 2488 et
596 2421 641 2488 ad
657 2422 692 2490 id
709 2422 883 2508 compelli,
909 2419 1060 2504 quodque
1075 2420 1236 2503 interdici,

102 2512 270 2616 suspendi
287 2537 319 2597 et
329 2529 602 2600 excommunicari
618 2549 683 2596 non
693 2531 831 2616 possint,
849 2537 883 2596 et
899 2527 987 2616 quod
1004 2529 1046 2598 de
1057 2527 1235 2612 beneficiis,

106 2641 356 2725 personatibus,
372 2640 425 2706 vel
441 2637 659 2724 dignitatibus
675 2637 719 2706 ad
735 2639 947 2707 collationem
956 2656 1069 2704 eorum
1084 2643 1235 2722 spectau-

107 2748 198 2814 tibus
215 2745 299 2812 nulii
325 2748 437 2816 valeat
451 2745 613 2832 provideri
639 2763 698 2832 per
714 2746 843 2814 litteras
859 2745 1088 2830 spostolicae,
1114 2744 1235 2828 quode

107 2853 241 2924 indulto
258 2853 445 2923 huiusmodi
460 2855 594 2938 plenam
609 2860 643 2922 et
658 2873 852 2944 expressam
868 2873 933 2921 non
950 2852 1088 2922 iecerint
1099 2851 1236 2920 mentio·

109 2985 197 3050 nem,
214 2981 275 3031 seu
291 2963 437 3058 qualibet
452 2959 522 3032 alia
538 2961 744 3047 induigentia
760 2963 845 3050 dicte
864 2960 970 3043 Sedis,
987 2961 1029 3027 de
1045 2979 1111 3044 qna
1128 2961 1235 3030 cuins

109 3092 176 3167 que
191 3077 263 3140 toto
289 3077 404 3140 tenore
420 3069 463 3136 de
478 3069 579 3138 verbo
605 3067 798 3154 adverbum
821 3075 974 3158 oporteat
999 3070 1030 3136 in
1048 3070 1168 3136 nostris
1185 3068 1236 3146 lit·

109 3182 191 3254 teris
207 3179 339 3264 plenam
350 3189 383 3248 et
393 3197 585 3264 expressam
600 3177 799 3250 mentionem
815 3177 896 3264 lieri,
911 3183 945 3243 ct
955 3195 1015 3261 per
1031 3195 1128 3261 quam
1138 3174 1235 3246 eliso

110 3297 164 3354 tus
181 3288 383 3373 presentium
401 3283 554 3374 impediri
580 3285 691 3354 valeat
707 3285 760 3354 vel
776 3285 920 3372 differri,
945 3286 1105 3369 estquod
1121 3285 1234 3357 eedem

112 3413 253 3480 persone
280 3393 366 3461 alias
390 3393 583 3463 beneficiate
599 3393 766 3480 existant,
792 3393 991 3462 fraternitati
1016 3400 1071 3460 tue
1096 3392 1236 3460 liberam

113 3495 324 3570 concedimus
340 3503 537 3572 auctoritate
552 3503 753 3587 presentium
771 3500 978 3569 facultatem:
998 3499 1122 3566 Datum
1147 3499 1235 3588 apud

112 3611 390 3684 UrbemVeterem
407 3613 478 3680 VII.
495 3611 572 3680 Kal.
589 3609 742 3679 Octobris
768 3607 995 3696 (Pontificatus
1013 3607 1132 3692 nostri)
1148 3627 1236 3685 anuo

112 3723 220 3790 tertio.
1212 3780 1225 3791 ..

220 3827 347 3894 Harum
371 3827 473 3914 igitur
503 3828 697 3896 auctoritate
722 3826 903 3894 litterarum
927 3823 1237 3903 Archidiaconaturn

4 3975 5 3978 =
111 3935 357 4021 Zaladiensem,
374 3935 612 4008 canonicatum
639 3942 672 4000 et
691 3933 911 4022 prebendam,
936 3950 1018 4017 quos
1042 3931 1237 4003 venerahilis

113 4049 208 4129 pater
232 4041 437 4129 Tymotbeus
468 4041 703 4126 Zagrabiensis
728 4041 913 4126 Episcopus
943 4039 1154 4126 promotionis
1179 4057 1238 4108 sue
1336 4080 1339 4085 ,

112 4161 261 4237 tempore
287 4151 321 4216 in
348 4151 582 4238 vesprimiensi
607 4151 760 4218 Ecclesia
783 4148 970 4234 obtinebat,
995 4155 1155 4216 vacantes
1179 4167 1238 4232 per

114 4262 361 4344 promotionem
378 4259 485 4344 ipsius
499 4258 682 4344 Episcopi,
700 4257 761 4324 tibi
777 4277 849 4324 cnm
875 4257 1027 4324 omnibus
1053 4253 1179 4323 iuribus
1205 4259 1239 4320 et

114 4368 321 4452 pertinentiis
337 4368 406 4437 suis
419 4365 625 4445 conferimus,
643 4372 677 4433 et
687 4366 897 4450 providemus
914 4366 956 4434 de
971 4365 1064 4456 ipsis,
1081 4361 1236 4430 dilectum

6 4499 7 4506 ¹
115 4477 282 4544 notarium
298 4484 443 4544 nostrum
458 4475 695 4544 'l'bomssinum
722 4479 778 4542 tuo
795 4471 926 4541 nomine
951 4471 1163 4540 investientes
1180 4491 1239 4555 per

111 4593 257 4654 nostrum
272 4585 429 4653 annulum
440 4587 483 4654 de
500 4586 635 4654 eisdem.
646 4584 722 4654 Nou
734 4586 889 4652 obstante
903 4587 991 4648 certo
1007 4577 1113 4664 ipsius
1125 4579 1236 4646 Eccle-
