3250 5268
401 1218 463 1286 IV.
481 1219 591 1288 oscos
602 1221 692 1308 pdpu
715 1219 890 1307 moperdcs'ts'
908 1217 930 1283 1
933 1217 968 1284 V.
985 1215 1068 1284 Belo
1088 1214 1263 1303 kirrilycok
1286 1214 1456 1304 Vc'aseprdd
1472 1219 1533 1282 cri·

401 1330 453 1392 roc
467 1329 499 1393 ds
513 1327 598 1396 Ptttr
611 1331 729 1416 caepydt
745 1329 908 1415 tdrpyoad,
926 1325 1038 1392 Morta
1053 1323 1203 1412 stratores
1214 1326 1361 1390 smmum
1376 1333 1432 1390 tett
1447 1323 1531 1389 ado·

831 1437 972 1522 mduydt.
1000 1434 1095 1516 1264.
1158 1441 1160 1446 '

509 1630 663 1700 Urbanus
679 1631 863 1719 Episcopus
887 1638 950 1702 ete.
977 1633 1159 1703 venerabili
1174 1629 1266 1700 iratri
1281 1677 1289 1694 .
1307 1677 1316 1694 .
1332 1678 1340 1695 .
1357 1625 1531 1716 orchtepi·

401 1759 502 1828 scopo
519 1739 752 1827 strigoniensi,
766 1741 905 1810 salntem
922 1748 984 1809 etc.
1013 1741 1110 1811 Juste
1125 1736 1293 1810 desideria
1308 1737 1482 1808 carissime
1496 1736 1534 1802 in

401 1849 532 1919 christo
547 1846 613 1917 iilis
629 1854 741 1916 nostre
754 1845 892 1938 M(ario)
908 1851 1050 1919 illustris
1065 1851 1192 1937 Regius
1208 1847 1364 1934 tingetis,
1382 1867 1449 1933 que
1466 1865 1529 1932 per

400 1958 463 2025 Dei
487 1957 629 2044 gratiam
659 1957 833 2043 vigilanter
857 1958 1010 2028 insistere
1039 1956 1160 2026 dicitnr
1191 1955 1343 2042 operibus
1373 1954 1525 2042 pietatis,

399 2067 516 2134 auditu
531 2067 675 2153 benigno
700 2067 867 2153 suscipere
891 2074 925 2134 et
949 2065 1108 2154 promptis
1133 2064 1336 2133 delectemur
1350 2061 1530 2131 effectibus

399 2172 588 2261 sdimplcre.
618 2175 707 2244 Sene
731 2175 834 2260 ipsius
859 2175 986 2258 Regius
1011 2181 1046 2243 et
1070 2174 1233 2243 carissimi
1259 2174 1292 2240 in
1317 2171 1450 2242 cbristo
1466 2169 1530 2238 tilii
1560 2202 1566 2210 ·

399 2285 503 2350 nostri
518 2280 630 2370 B(ele)
655 2283 796 2352 Illustris
821 2283 924 2370 Regis
950 2283 1108 2370 Ungurie,
1125 2281 1284 2367 siricius,
1301 2281 1453 2349 exhibita
1468 2299 1528 2347 no-

399 2389 450 2458 bis
465 2389 580 2476 petitio
594 2391 792 2476 continebat,
807 2390 896 2478 quod
911 2389 998 2458 idem
1011 2391 1084 2458 Rex
1099 2389 1159 2458 iila
1174 2385 1382 2477 deplorando
1408 2385 1528 2456 discri-

399 2497 500 2584 mina,
516 2517 579 2582 qus
594 2497 710 2586 Regno
736 2496 882 2586 Ungario
906 2498 1014 2568 intulit
1040 2499 1198 2586 impietas
1214 2496 1350 2565 horrida
1365 2495 1528 2563 Tartaro·

398 2625 481 2693 rum,
498 2605 675 2674 clementer
690 2605 875 2691 attendens,
891 2603 1028 2693 provide
1038 2625 1077 2673 ac
1087 2607 1141 2693 pie
1151 2603 1324 2690 disposuit,
1338 2609 1374 2670 ut
1390 2603 1424 2669 in
1440 2601 1531 2672 locis

400 2715 671 2784 convenientibus
687 2713 790 2801 ipsius
815 2715 921 2801 Regni
945 2713 1069 2784 iaceret
1088 2721 1198 2782 castra
1215 2715 1368 2800 construi,
1383 2732 1446 2799 per
1462 2728 1532 2795 qne

398 2819 541 2890 fidelium
558 2828 670 2908 posset
685 2821 776 2888 selus
793 2829 826 2890 et
840 2820 989 2890 defensio
1004 2822 1183 2907 procurari.
1210 2823 1291 2890 (inm
1306 2825 1419 2889 anum
1436 2819 1530 2889 dicte

398 2929 524 3014 Regina
540 2928 703 3016 quendum
727 2935 869 2998 montem
893 2937 969 2998 tunc
994 2930 1158 2998 desertum
1174 2929 1208 2996 in
1223 2929 1320 3016 silva,
1344 2947 1408 3012 que
1423 2928 1531 3013 Pelys

398 3035 529 3124 dieitur,
545 3037 739 3106 existentem
762 3059 822 3124 pro
847 3045 957 3107 oestro
984 3039 1027 3106 sd
1054 3037 1283 3105 defensionem
1300 3035 1473 3104 uiduarum
1490 3041 1529 3102 et

398 3144 619 3232 orpbsnornm
634 3152 750 3216 contre
765 3145 981 3232 hostilitatem
991 3147 1207 3231 Tsrtaricam,
1224 3164 1288 3230 que
1305 3141 1531 3213 formidabitis

397 3253 599 3338 imminebat,
630 3253 712 3320 inibi
746 3255 966 3322 construendo
982 3253 1026 3320 ab
1057 3255 1130 3341 ipso
1160 3255 1254 3339 Rege
1279 3251 1352 3320 deri
1368 3251 1435 3320 sibi
1451 3268 1529 3317 eum

397 3359 558 3431 instantia
573 3361 753 3448 petivisset,
780 3361 866 3429 idem
882 3362 961 3448 Rex,
978 3361 1034 3445 qui
1059 3361 1160 3429 ctiam
1176 3360 1361 3428 Batonibus
1386 3367 1421 3428 et
1449 3359 1531 3425 aliis

397 3469 468 3536 suis
482 3467 632 3537 fidelibus
648 3470 722 3538 loca
737 3467 923 3538 huiusmodi
939 3489 999 3556 pro
1014 3468 1176 3538 iaciendis
1192 3467 1429 3537 munitionibus
1446 3486 1529 3533 con·

397 3573 545 3662 cedebat,
561 3575 690 3664 prefate
705 3577 830 3663 Regine
846 3577 977 3648 liberali
992 3576 1107 3648 dextra
1124 3583 1266 3646 montem
1290 3575 1428 3646 donavit
1444 3593 1528 3641 eun-

395 3679 481 3769 dem,
498 3685 610 3769 inquo
628 3685 703 3772 ipse
725 3687 768 3755 de
791 3705 871 3754 anro
896 3695 930 3755 et
956 3689 1155 3757 ornamentis
1171 3688 1238 3754 suis
1255 3686 1409 3773 propriis,
1426 3683 1529 3752 sertis

396 3791 552 3860 uidelicet
567 3793 675 3862 eureis
690 3800 725 3861 et
740 3794 914 3862 monilibus
930 3813 970 3862 ac
986 3796 1087 3863 rebus
1103 3795 1179 3862 aliis
1196 3795 1363 3882 pretiosis,
1390 3811 1455 3877 qne
1471 3809 1524 3857 se·

396 3917 469 3966 cnm
493 3899 535 3968 de
559 3901 656 3970 domo
682 3911 819 3990 paterna
842 3901 995 3990 porterit,
1021 3909 1175 3988 cestrum,
1202 3902 1293 3986 qnod
1309 3897 1524 3988 Wyssograd

396 4007 525 4094 dicitur,
542 4007 621 4077 iecit
636 4028 736 4096 opero
752 4015 941 4094 sumptuoso
968 4009 1121 4094 construi,
1138 4011 1181 4076 ad
1198 4009 1287 4093 qnod
1311 4006 1528 4112 necessitatis

395 4119 542 4200 tempore
566 4114 673 4202 vidue,
698 4115 837 4202 orphani
862 4133 902 4184 ac
927 4113 1042 4183 fideles
1068 4115 1125 4182 alii
1149 4119 1361 4203 receptaculo
1384 4114 1527 4202 propria

394 4243 460 4290 non
476 4222 638 4294 babentes
654 4232 788 4311 possent
804 4222 989 4308 coningere,
1006 4223 1098 4290 stab
1115 4223 1228 4290 hostili
1243 4222 1337 4292 rabie
1353 4230 1527 4306 tamquam

393 4329 426 4396 in
442 4333 539 4401 domo
555 4332 672 4419 refugii
688 4351 726 4401 se
741 4331 836 4400 tueri.
853 4330 1060 4399 Postmodum
1076 4349 1154 4399 vero
1174 4329 1326 4420 prointus
1341 4332 1424 4416 Rex,
1441 4349 1522 4417 pcn-
1540 4321 1545 4328 ’

392 4447 468 4510 sata
483 4441 710 4528 magnitudine
735 4446 929 4526 sumptuum,
954 4458 1036 4522 quos
1061 4437 1151 4508 dicte
1176 4441 1305 4526 Regina
1331 4460 1391 4527 pro
1408 4438 1525 4505 buius·

391 4547 478 4613 modi
494 4567 593 4633 opero
620 4549 763 4631 faceret,
790 4547 821 4613 ei
847 4551 988 4614 cestrum
1014 4546 1121 4632 ipsum
1138 4567 1211 4615 cnm
1228 4545 1395 4615 Comitatn
1413 4553 1448 4615 et
1466 4545 1521 4614 di·

391 4653 505 4722 strictu
520 4653 562 4722 de
578 4657 677 4742 Peiys
700 4652 805 4736 Regia
828 4651 1040 4740 iiberalitate,
1066 4674 1106 4726 ac
1123 4655 1218 4722 titulo
1233 4653 1427 4724 donationis
1443 4673 1521 4741 per·
