<?xml version="1.0" encoding="UTF-8"?>
<!DOCTYPE html PUBLIC "-//W3C//DTD XHTML 1.0 Transitional//EN"
    "http://www.w3.org/TR/xhtml1/DTD/xhtml1-transitional.dtd">
<html xmlns="http://www.w3.org/1999/xhtml" xml:lang="en" lang="en">
 <head>
  <title>
</title>
<meta http-equiv="Content-Type" content="text/html;charset=utf-8" />
  <meta name='ocr-system' content='tesseract 3.04.00' />
  <meta name='ocr-capabilities' content='ocr_page ocr_carea ocr_par ocr_line ocrx_word'/>
</head>
<body>
  <div class='ocr_page' id='page_1' title='image "./codexdiplomatic07wenzgoog_0083.png"; bbox 0 0 3270 5280; ppageno 0'>
   <div class='ocr_carea' id='block_1_1' title="bbox 673 1001 729 1068">
    <p class='ocr_par' dir='ltr' id='par_1_1' title="bbox 673 1001 729 1068">
     <span class='ocr_line' id='line_1_1' title="bbox 673 1001 729 1068; baseline -0.036 0"><span class='ocrx_word' id='word_1_1' title='bbox 673 1001 729 1068; x_wconf 76' lang='lat'>³0.</span> 
     </span>
    </p>
   </div>
   <div class='ocr_carea' id='block_1_2' title="bbox 154 1195 1241 1397">
    <p class='ocr_par' dir='ltr' id='par_1_2' title="bbox 154 1195 1241 1397">
     <span class='ocr_line' id='line_1_2' title="bbox 154 1195 1241 1288; baseline -0.006 -22"><span class='ocrx_word' id='word_1_2' title='bbox 154 1203 177 1266; x_wconf 84' lang='grc' dir='ltr'><em>Ι</em></span> <span class='ocrx_word' id='word_1_3' title='bbox 180 1200 217 1268; x_wconf 84' lang='lat' dir='ltr'>V.</span> <span class='ocrx_word' id='word_1_4' title='bbox 235 1201 349 1267; x_wconf 82' lang='lat' dir='ltr'>Orbcln</span> <span class='ocrx_word' id='word_1_5' title='bbox 357 1207 450 1288; x_wconf 70' lang='lat' dir='ltr'>pepe</span> <span class='ocrx_word' id='word_1_6' title='bbox 465 1225 485 1266; x_wconf 89' lang='lat' dir='ltr'>o</span> <span class='ocrx_word' id='word_1_7' title='bbox 501 1201 651 1268; x_wconf 78' lang='lat' dir='ltr'>keresetes</span> <span class='ocrx_word' id='word_1_8' title='bbox 670 1199 775 1265; x_wconf 75' lang='lat' dir='ltr'>hadra</span> <span class='ocrx_word' id='word_1_9' title='bbox 791 1199 928 1266; x_wconf 74' lang='lat' dir='ltr'>mendicet</span> <span class='ocrx_word' id='word_1_10' title='bbox 944 1195 1078 1284; x_wconf 77' lang='lat' dir='ltr'>apostoli</span> <span class='ocrx_word' id='word_1_11' title='bbox 1092 1197 1241 1262; x_wconf 72' lang='grc' dir='ltr'>ηόΙεόιιεῙι</span> 
     </span>
     <span class='ocr_line' id='line_1_3' title="bbox 459 1305 953 1397; baseline 0 -25"><span class='ocrx_word' id='word_1_12' title='bbox 459 1305 652 1397; x_wconf 74' lang='lat' dir='ltr'>pdrtsoquc</span> <span class='ocrx_word' id='word_1_13' title='bbox 669 1307 725 1373; x_wconf 72' lang='lat' dir='ltr'>old</span> <span class='ocrx_word' id='word_1_14' title='bbox 740 1309 831 1374; x_wconf 82' lang='lat' dir='ltr'>oeczc&#39;.</span> <span class='ocrx_word' id='word_1_15' title='bbox 856 1306 953 1372; x_wconf 81' lang='lat'><strong><em>1263.</em></strong></span> 
     </span>
    </p>
   </div>
   <div class='ocr_carea' id='block_1_3' title="bbox 131 1502 1266 1809">
    <p class='ocr_par' dir='ltr' id='par_1_3' title="bbox 131 1502 1266 1809">
     <span class='ocr_line' id='line_1_4' title="bbox 252 1502 1265 1594; baseline -0.006 -20"><span class='ocrx_word' id='word_1_16' title='bbox 252 1505 409 1575; x_wconf 78' lang='lat' dir='ltr'>Urbanus</span> <span class='ocrx_word' id='word_1_17' title='bbox 435 1508 619 1594; x_wconf 73' lang='lat' dir='ltr'><strong>Episcopus</strong></span> <span class='ocrx_word' id='word_1_18' title='bbox 649 1512 711 1572; x_wconf 81' lang='lat' dir='ltr'>otc</span> <span class='ocrx_word' id='word_1_19' title='bbox 742 1504 928 1572; x_wconf 78' lang='lat' dir='ltr'>venerabili</span> <span class='ocrx_word' id='word_1_20' title='bbox 959 1502 1053 1570; x_wconf 74' lang='lat' dir='ltr'>tremi</span> <span class='ocrx_word' id='word_1_21' title='bbox 1071 1553 1078 1570; x_wconf 94' lang='lat'>.</span> <span class='ocrx_word' id='word_1_22' title='bbox 1098 1553 1104 1568; x_wconf 93' lang='lat'>.</span> <span class='ocrx_word' id='word_1_23' title='bbox 1125 1552 1131 1566; x_wconf 95' lang='lat'><em>.</em></span> <span class='ocrx_word' id='word_1_24' title='bbox 1153 1502 1265 1570; x_wconf 81' lang='lat' dir='ltr'>Archi-</span> 
     </span>
     <span class='ocr_line' id='line_1_5' title="bbox 131 1611 1266 1702; baseline -0.004 -22"><span class='ocrx_word' id='word_1_25' title='bbox 131 1615 297 1702; x_wconf 83' lang='lat' dir='ltr'>spiscopo</span> <span class='ocrx_word' id='word_1_26' title='bbox 312 1611 530 1698; x_wconf 72' lang='lat' dir='ltr'>strigoniensi</span> <span class='ocrx_word' id='word_1_27' title='bbox 558 1615 697 1684; x_wconf 81' lang='lat' dir='ltr'>sulutem</span> <span class='ocrx_word' id='word_1_28' title='bbox 723 1624 784 1684; x_wconf 89' lang='lat' dir='ltr'>etc.</span> <span class='ocrx_word' id='word_1_29' title='bbox 817 1613 973 1683; x_wconf 88' lang='lat' dir='ltr'>Volentes</span> <span class='ocrx_word' id='word_1_30' title='bbox 996 1631 1108 1680; x_wconf 87' lang='lat' dir='ltr'>omnes</span> <span class='ocrx_word' id='word_1_31' title='bbox 1126 1611 1266 1681; x_wconf 81' lang='lat' dir='ltr'>crucesi-</span> 
     </span>
     <span class='ocr_line' id='line_1_6' title="bbox 131 1720 1262 1809; baseline -0.002 -19"><span class='ocrx_word' id='word_1_32' title='bbox 131 1729 254 1808; x_wconf 81' lang='lat' dir='ltr'>gnatos</span> <span class='ocrx_word' id='word_1_33' title='bbox 272 1729 305 1790; x_wconf 89' lang='lat' dir='ltr'>ct</span> <span class='ocrx_word' id='word_1_34' title='bbox 321 1723 597 1808; x_wconf 76' lang='lat' dir='ltr'>crucesignandos</span> <span class='ocrx_word' id='word_1_35' title='bbox 614 1725 647 1793; x_wconf 92' lang='lat' dir='ltr'>in</span> <span class='ocrx_word' id='word_1_36' title='bbox 663 1727 777 1809; x_wconf 89' lang='lat' dir='ltr'>Regno</span> <span class='ocrx_word' id='word_1_37' title='bbox 787 1723 933 1806; x_wconf 86' lang='lat' dir='ltr'>ngarie</span> <span class='ocrx_word' id='word_1_38' title='bbox 943 1741 1003 1808; x_wconf 92' lang='lat' dir='ltr'>pro</span> <span class='ocrx_word' id='word_1_39' title='bbox 1013 1720 1161 1790; x_wconf 85' lang='lat' dir='ltr'>subsidio</span> <span class='ocrx_word' id='word_1_40' title='bbox 1178 1727 1262 1788; x_wconf 87' lang='lat' dir='ltr'>terre</span> 
     </span>
    </p>
   </div>
   <div class='ocr_carea' id='block_1_4' title="bbox 1 1813 1263 1922">
    <p class='ocr_par' dir='ltr' id='par_1_4' title="bbox 1 1813 1263 1922">
     <span class='ocr_line' id='line_1_7' title="bbox 1 1813 1263 1922; baseline 0 -26"><span class='ocrx_word' id='word_1_41' title='bbox 1 1813 2 1829; x_wconf 46' lang='lat'>¹</span> <span class='ocrx_word' id='word_1_42' title='bbox 130 1837 249 1899; x_wconf 75' lang='lat' dir='ltr'>sancte</span> <span class='ocrx_word' id='word_1_43' title='bbox 267 1832 447 1915; x_wconf 77' lang='lat' dir='ltr'>singularis</span> <span class='ocrx_word' id='word_1_44' title='bbox 463 1833 626 1918; x_wconf 86' lang='lat' dir='ltr'>privilegii</span> <span class='ocrx_word' id='word_1_45' title='bbox 642 1833 853 1922; x_wconf 81' lang='lat' dir='ltr'>prerogativa</span> <span class='ocrx_word' id='word_1_46' title='bbox 873 1831 1030 1917; x_wconf 74' lang='lat' dir='ltr'>gaudere,</span> <span class='ocrx_word' id='word_1_47' title='bbox 1056 1833 1263 1918; x_wconf 84' lang='lat' dir='ltr'>crucesigna-</span> 
     </span>
    </p>
   </div>
   <div class='ocr_carea' id='block_1_5' title="bbox 131 1939 1265 2138">
    <p class='ocr_par' dir='ltr' id='par_1_5' title="bbox 131 1939 1265 2138">
     <span class='ocr_line' id='line_1_8' title="bbox 131 1939 1265 2029; baseline -0.002 -21"><span class='ocrx_word' id='word_1_48' title='bbox 131 1941 173 2008; x_wconf 90' lang='lat' dir='ltr'>tis</span> <span class='ocrx_word' id='word_1_49' title='bbox 191 1945 227 2008; x_wconf 86' lang='lat' dir='ltr'>et</span> <span class='ocrx_word' id='word_1_50' title='bbox 243 1940 516 2027; x_wconf 80' lang='lat' dir='ltr'>crucesignandis</span> <span class='ocrx_word' id='word_1_51' title='bbox 542 1941 749 2029; x_wconf 87' lang='lat' dir='ltr'>huiusmodi,</span> <span class='ocrx_word' id='word_1_52' title='bbox 773 1949 809 2008; x_wconf 93' lang='lat' dir='ltr'>ut</span> <span class='ocrx_word' id='word_1_53' title='bbox 837 1961 898 2028; x_wconf 90' lang='lat' dir='ltr'>per</span> <span class='ocrx_word' id='word_1_54' title='bbox 921 1941 1048 2009; x_wconf 77' lang='lat' dir='ltr'>litteras</span> <span class='ocrx_word' id='word_1_55' title='bbox 1073 1939 1265 2025; x_wconf 83' lang='lat' dir='ltr'>Apostolico</span> 
     </span>
     <span class='ocr_line' id='line_1_9' title="bbox 132 2047 1263 2138; baseline -0.005 -20"><span class='ocrx_word' id='word_1_56' title='bbox 132 2049 231 2118; x_wconf 83' lang='lat' dir='ltr'>Sedis</span> <span class='ocrx_word' id='word_1_57' title='bbox 246 2049 303 2116; x_wconf 86' lang='lat' dir='ltr'>vel</span> <span class='ocrx_word' id='word_1_58' title='bbox 318 2049 519 2136; x_wconf 83' lang='lat' dir='ltr'>Legstorum</span> <span class='ocrx_word' id='word_1_59' title='bbox 535 2051 606 2117; x_wconf 90' lang='lat' dir='ltr'>eius</span> <span class='ocrx_word' id='word_1_60' title='bbox 623 2053 816 2138; x_wconf 76' lang='lat' dir='ltr'>impetratos</span> <span class='ocrx_word' id='word_1_61' title='bbox 831 2047 1012 2134; x_wconf 82' lang='lat' dir='ltr'>hacteuus,</span> <span class='ocrx_word' id='word_1_62' title='bbox 1038 2067 1174 2132; x_wconf 85' lang='lat' dir='ltr'>quarum</span> <span class='ocrx_word' id='word_1_63' title='bbox 1198 2065 1263 2117; x_wconf 92' lang='lat' dir='ltr'>non</span> 
     </span>
    </p>
   </div>
   <div class='ocr_carea' id='block_1_6' title="bbox 1 2155 1264 2244">
    <p class='ocr_par' dir='ltr' id='par_1_6' title="bbox 1 2155 1264 2244">
     <span class='ocr_line' id='line_1_10' title="bbox 1 2155 1264 2244; baseline -0.002 -20"><span class='ocrx_word' id='word_1_64' title='bbox 1 2201 2 2214; x_wconf 44' lang='grc' dir='ltr'>ι</span> <span class='ocrx_word' id='word_1_65' title='bbox 131 2158 174 2224; x_wconf 90' lang='lat' dir='ltr'>sit</span> <span class='ocrx_word' id='word_1_66' title='bbox 190 2157 390 2226; x_wconf 79' lang='lat' dir='ltr'>auctoritate</span> <span class='ocrx_word' id='word_1_67' title='bbox 413 2175 624 2242; x_wconf 78' lang='lat' dir='ltr'>processum,</span> <span class='ocrx_word' id='word_1_68' title='bbox 651 2165 684 2224; x_wconf 88' lang='lat' dir='ltr'>et</span> <span class='ocrx_word' id='word_1_69' title='bbox 709 2157 933 2244; x_wconf 76' lang='lat' dir='ltr'>impetrandas</span> <span class='ocrx_word' id='word_1_70' title='bbox 948 2157 981 2224; x_wconf 89' lang='lat' dir='ltr'>in</span> <span class='ocrx_word' id='word_1_71' title='bbox 998 2167 1173 2243; x_wconf 69' lang='lat' dir='ltr'>posterum</span> <span class='ocrx_word' id='word_1_72' title='bbox 1200 2155 1264 2222; x_wconf 89' lang='lat' dir='ltr'>nisi</span> 
     </span>
    </p>
   </div>
   <div class='ocr_carea' id='block_1_7' title="bbox 131 2263 1264 2461">
    <p class='ocr_par' dir='ltr' id='par_1_7' title="bbox 131 2263 1264 2461">
     <span class='ocr_line' id='line_1_11' title="bbox 131 2263 1264 2352; baseline -0.003 -20"><span class='ocrx_word' id='word_1_73' title='bbox 131 2265 221 2334; x_wconf 85' lang='lat' dir='ltr'>dicte</span> <span class='ocrx_word' id='word_1_74' title='bbox 238 2264 336 2334; x_wconf 84' lang='lat' dir='ltr'>Sedis</span> <span class='ocrx_word' id='word_1_75' title='bbox 351 2266 462 2334; x_wconf 86' lang='lat' dir='ltr'>littere</span> <span class='ocrx_word' id='word_1_76' title='bbox 486 2263 692 2350; x_wconf 85' lang='lat' dir='ltr'>impetreude</span> <span class='ocrx_word' id='word_1_77' title='bbox 717 2266 851 2351; x_wconf 78' lang='lat' dir='ltr'>plenam</span> <span class='ocrx_word' id='word_1_78' title='bbox 868 2272 902 2332; x_wconf 88' lang='lat' dir='ltr'>et</span> <span class='ocrx_word' id='word_1_79' title='bbox 918 2283 1109 2352; x_wconf 82' lang='lat' dir='ltr'>expressam</span> <span class='ocrx_word' id='word_1_80' title='bbox 1126 2264 1264 2334; x_wconf 76' lang='lat' dir='ltr'>feceriut</span> 
     </span>
     <span class='ocr_line' id='line_1_12' title="bbox 131 2373 1264 2461; baseline -0.005 -18"><span class='ocrx_word' id='word_1_81' title='bbox 131 2375 173 2443; x_wconf 90' lang='lat' dir='ltr'>de</span> <span class='ocrx_word' id='word_1_82' title='bbox 188 2375 403 2461; x_wconf 84' lang='lat' dir='ltr'>presentibus</span> <span class='ocrx_word' id='word_1_83' title='bbox 420 2376 628 2461; x_wconf 88' lang='lat' dir='ltr'>mentionem,</span> <span class='ocrx_word' id='word_1_84' title='bbox 655 2381 748 2442; x_wconf 83' lang='lat' dir='ltr'>extra</span> <span class='ocrx_word' id='word_1_85' title='bbox 774 2374 942 2460; x_wconf 87' lang='lat' dir='ltr'>Diocescs,</span> <span class='ocrx_word' id='word_1_86' title='bbox 962 2375 995 2441; x_wconf 90' lang='lat' dir='ltr'>in</span> <span class='ocrx_word' id='word_1_87' title='bbox 1013 2374 1131 2459; x_wconf 85' lang='lat' dir='ltr'>quibus</span> <span class='ocrx_word' id='word_1_88' title='bbox 1147 2373 1213 2459; x_wconf 88' lang='lat' dir='ltr'>ipsi</span> <span class='ocrx_word' id='word_1_89' title='bbox 1231 2377 1264 2438; x_wconf 91' lang='lat' dir='ltr'>et</span> 
     </span>
    </p>
   </div>
   <div class='ocr_carea' id='block_1_8' title="bbox 1 2481 1262 2569">
    <p class='ocr_par' dir='ltr' id='par_1_8' title="bbox 1 2481 1262 2569">
     <span class='ocr_line' id='line_1_13' title="bbox 1 2481 1262 2569; baseline -0.002 -22"><span class='ocrx_word' id='word_1_90' title='bbox 1 2526 2 2542; x_wconf 45' lang='grc' dir='ltr'>ι</span> <span class='ocrx_word' id='word_1_91' title='bbox 131 2502 245 2551; x_wconf 89' lang='lat' dir='ltr'>eorum</span> <span class='ocrx_word' id='word_1_92' title='bbox 263 2482 351 2548; x_wconf 85' lang='lat' dir='ltr'>boue</span> <span class='ocrx_word' id='word_1_93' title='bbox 368 2481 560 2569; x_wconf 88' lang='lat' dir='ltr'>consistunt,</span> <span class='ocrx_word' id='word_1_94' title='bbox 578 2485 608 2550; x_wconf 94' lang='lat' dir='ltr'>in</span> <span class='ocrx_word' id='word_1_95' title='bbox 625 2503 761 2550; x_wconf 83' lang='lat' dir='ltr'>cansam</span> <span class='ocrx_word' id='word_1_96' title='bbox 778 2481 864 2552; x_wconf 86' lang='lat' dir='ltr'>trahl</span> <span class='ocrx_word' id='word_1_97' title='bbox 880 2483 934 2552; x_wconf 83' lang='lat' dir='ltr'>vel</span> <span class='ocrx_word' id='word_1_98' title='bbox 950 2483 995 2551; x_wconf 86' lang='lat' dir='ltr'>ad</span> <span class='ocrx_word' id='word_1_99' title='bbox 1006 2482 1170 2568; x_wconf 90' lang='lat' dir='ltr'>judicium</span> <span class='ocrx_word' id='word_1_100' title='bbox 1188 2499 1262 2546; x_wconf 87' lang='lat' dir='ltr'>ero·</span> 
     </span>
    </p>
   </div>
   <div class='ocr_carea' id='block_1_9' title="bbox 130 2587 1263 2677">
    <p class='ocr_par' dir='ltr' id='par_1_9' title="bbox 130 2587 1263 2677">
     <span class='ocr_line' id='line_1_14' title="bbox 130 2587 1263 2677; baseline -0.001 -21"><span class='ocrx_word' id='word_1_101' title='bbox 130 2593 199 2658; x_wconf 86' lang='lat' dir='ltr'>ceri</span> <span class='ocrx_word' id='word_1_102' title='bbox 219 2609 283 2657; x_wconf 89' lang='lat' dir='ltr'>uon</span> <span class='ocrx_word' id='word_1_103' title='bbox 301 2587 440 2677; x_wconf 88' lang='lat' dir='ltr'>possint,</span> <span class='ocrx_word' id='word_1_104' title='bbox 458 2591 633 2660; x_wconf 89' lang='lat' dir='ltr'>dummodo</span> <span class='ocrx_word' id='word_1_105' title='bbox 659 2591 769 2677; x_wconf 82' lang='lat' dir='ltr'>parati</span> <span class='ocrx_word' id='word_1_106' title='bbox 793 2592 860 2660; x_wconf 87' lang='lat' dir='ltr'>sint</span> <span class='ocrx_word' id='word_1_107' title='bbox 879 2609 988 2660; x_wconf 81' lang='lat' dir='ltr'>corum</span> <span class='ocrx_word' id='word_1_108' title='bbox 1005 2610 1115 2661; x_wconf 90' lang='lat' dir='ltr'>eorum</span> <span class='ocrx_word' id='word_1_109' title='bbox 1131 2589 1263 2659; x_wconf 86' lang='lat' dir='ltr'>ordina·</span> 
     </span>
    </p>
   </div>
   <div class='ocr_carea' id='block_1_10' title="bbox 1 2697 1262 2896">
    <p class='ocr_par' dir='ltr' id='par_1_10' title="bbox 1 2697 1262 2896">
     <span class='ocr_line' id='line_1_15' title="bbox 2 2697 1262 2787; baseline -0.002 -21"><span class='ocrx_word' id='word_1_110' title='bbox 2 2715 3 2720; x_wconf 73' lang='grc'>’</span> <span class='ocrx_word' id='word_1_111' title='bbox 129 2699 189 2766; x_wconf 91' lang='lat' dir='ltr'>riis</span> <span class='ocrx_word' id='word_1_112' title='bbox 207 2697 250 2764; x_wconf 86' lang='lat' dir='ltr'>de</span> <span class='ocrx_word' id='word_1_113' title='bbox 266 2718 305 2766; x_wconf 90' lang='lat' dir='ltr'>se</span> <span class='ocrx_word' id='word_1_114' title='bbox 321 2700 570 2782; x_wconf 88' lang='lat' dir='ltr'>querelantibus</span> <span class='ocrx_word' id='word_1_115' title='bbox 587 2699 741 2768; x_wconf 85' lang='lat' dir='ltr'>exhibere</span> <span class='ocrx_word' id='word_1_116' title='bbox 762 2699 887 2769; x_wconf 89' lang='lat' dir='ltr'>iustitie</span> <span class='ocrx_word' id='word_1_117' title='bbox 903 2701 1189 2787; x_wconf 86' lang='lat' dir='ltr'>complementum,</span> <span class='ocrx_word' id='word_1_118' title='bbox 1205 2718 1262 2765; x_wconf 89' lang='lat' dir='ltr'>au-</span> 
     </span>
     <span class='ocr_line' id='line_1_16' title="bbox 1 2807 1261 2896; baseline -0.002 -20"><span class='ocrx_word' id='word_1_119' title='bbox 1 2831 2 2846; x_wconf 57' lang='lat'><em>*</em></span> <span class='ocrx_word' id='word_1_120' title='bbox 131 2808 288 2876; x_wconf 70' lang='lat' dir='ltr'>ctoritate</span> <span class='ocrx_word' id='word_1_121' title='bbox 304 2808 505 2896; x_wconf 87' lang='lat' dir='ltr'>presentium</span> <span class='ocrx_word' id='word_1_122' title='bbox 521 2807 741 2892; x_wconf 80' lang='lat' dir='ltr'>indulgemus.</span> <span class='ocrx_word' id='word_1_123' title='bbox 772 2809 863 2876; x_wconf 88' lang='lat' dir='ltr'>Nulli</span> <span class='ocrx_word' id='word_1_124' title='bbox 881 2829 958 2894; x_wconf 86' lang='lat' dir='ltr'>ergo</span> <span class='ocrx_word' id='word_1_125' title='bbox 974 2816 1036 2877; x_wconf 91' lang='lat' dir='ltr'>etc.</span> <span class='ocrx_word' id='word_1_126' title='bbox 1061 2815 1172 2878; x_wconf 87' lang='lat' dir='ltr'>nostre</span> <span class='ocrx_word' id='word_1_127' title='bbox 1187 2827 1261 2876; x_wconf 92' lang='lat' dir='ltr'>con-</span> 
     </span>
    </p>
   </div>
   <div class='ocr_carea' id='block_1_11' title="bbox 130 2913 1262 3001">
    <p class='ocr_par' dir='ltr' id='par_1_11' title="bbox 130 2913 1262 3001">
     <span class='ocr_line' id='line_1_17' title="bbox 130 2913 1262 3001; baseline 0.002 -17"><span class='ocrx_word' id='word_1_128' title='bbox 130 2913 294 2984; x_wconf 86' lang='lat' dir='ltr'>cessionis</span> <span class='ocrx_word' id='word_1_129' title='bbox 312 2921 375 2986; x_wconf 88' lang='lat' dir='ltr'>eto.</span> <span class='ocrx_word' id='word_1_130' title='bbox 394 2915 518 2984; x_wconf 85' lang='lat' dir='ltr'>Datum</span> <span class='ocrx_word' id='word_1_131' title='bbox 535 2917 622 3001; x_wconf 79' lang='lat' dir='ltr'>opud</span> <span class='ocrx_word' id='word_1_132' title='bbox 634 2915 908 2985; x_wconf 87' lang='lat' dir='ltr'>UrbemVeterem</span> <span class='ocrx_word' id='word_1_133' title='bbox 918 2917 958 2984; x_wconf 84' lang='lat' dir='ltr'>X.</span> <span class='ocrx_word' id='word_1_134' title='bbox 971 2918 1047 2987; x_wconf 87' lang='lat' dir='ltr'>Kal.</span> <span class='ocrx_word' id='word_1_135' title='bbox 1064 2918 1262 2986; x_wconf 87' lang='lat' dir='ltr'>Novembris</span> 
     </span>
    </p>
   </div>
   <div class='ocr_carea' id='block_1_12' title="bbox 1 3021 727 3111">
    <p class='ocr_par' dir='ltr' id='par_1_12' title="bbox 1 3021 727 3111">
     <span class='ocr_line' id='line_1_18' title="bbox 1 3021 727 3111; baseline -0.003 -17"><span class='ocrx_word' id='word_1_136' title='bbox 1 3091 2 3094; x_wconf 74' lang='grc'>,</span> <span class='ocrx_word' id='word_1_137' title='bbox 131 3025 365 3110; x_wconf 76' lang='lat' dir='ltr'>(Pontificatus</span> <span class='ocrx_word' id='word_1_138' title='bbox 383 3021 501 3111; x_wconf 83' lang='lat' dir='ltr'>nostri)</span> <span class='ocrx_word' id='word_1_139' title='bbox 519 3043 605 3093; x_wconf 85' lang='lat' dir='ltr'>suno</span> <span class='ocrx_word' id='word_1_140' title='bbox 621 3026 727 3092; x_wconf 89' lang='lat' dir='ltr'>tertio.</span> 
     </span>
    </p>
   </div>
   <div class='ocr_carea' id='block_1_13' title="bbox 230 3218 1152 3294">
    <p class='ocr_par' dir='ltr' id='par_1_13' title="bbox 230 3218 1152 3294">
     <span class='ocr_line' id='line_1_19' title="bbox 230 3218 1152 3294; baseline 0 -14"><span class='ocrx_word' id='word_1_141' title='bbox 230 3219 293 3293; x_wconf 82' lang='lat' dir='ltr'>(lv.</span> <span class='ocrx_word' id='word_1_142' title='bbox 303 3219 405 3281; x_wconf 69' lang='lat' dir='ltr'>Orbdu</span> <span class='ocrx_word' id='word_1_143' title='bbox 418 3219 494 3294; x_wconf 72' lang='lat' dir='ltr'>pdps</span> <span class='ocrx_word' id='word_1_144' title='bbox 506 3219 705 3292; x_wconf 77' lang='lat' dir='ltr'>Regestdibdl,</span> <span class='ocrx_word' id='word_1_145' title='bbox 718 3218 845 3280; x_wconf 78' lang='lat' dir='ltr'>Thelser</span> <span class='ocrx_word' id='word_1_146' title='bbox 855 3221 894 3280; x_wconf 87' lang='lat' dir='ltr'>id.</span> <span class='ocrx_word' id='word_1_147' title='bbox 907 3243 943 3282; x_wconf 87' lang='grc' dir='ltr'>ιιι.</span> <span class='ocrx_word' id='word_1_148' title='bbox 957 3224 978 3282; x_wconf 81' lang='lat'>1.</span> <span class='ocrx_word' id='word_1_149' title='bbox 993 3223 1026 3280; x_wconf 81' lang='lat' dir='ltr'>k.</span> <span class='ocrx_word' id='word_1_150' title='bbox 1039 3221 1100 3282; x_wconf 70' lang='lat'>2⁶0.</span> <span class='ocrx_word' id='word_1_151' title='bbox 1114 3222 1152 3294; x_wconf 90' lang='lat' dir='ltr'>l.)</span> 
     </span>
    </p>
   </div>
   <div class='ocr_carea' id='block_1_14' title="bbox 562 3509 834 3526">
    <p class='ocr_par' dir='ltr' id='par_1_14' title="bbox 562 3509 834 3526">
     <span class='ocr_line' id='line_1_20' title="bbox 562 3509 834 3526; baseline 0 -2"><span class='ocrx_word' id='word_1_152' title='bbox 562 3509 834 3526; x_wconf 59' lang='lat' dir='ltr'>Qun-.—</span> 
     </span>
    </p>
   </div>
   <div class='ocr_carea' id='block_1_15' title="bbox 2 4170 1259 4456">
    <p class='ocr_par' dir='ltr' id='par_1_15' title="bbox 2 4170 1259 4456">
     <span class='ocr_line' id='line_1_21' title="bbox 2 4170 1259 4278; baseline -0.004 -39"><span class='ocrx_word' id='word_1_153' title='bbox 2 4221 3 4278; x_wconf 29' lang='lat'>4</span> <span class='ocrx_word' id='word_1_154' title='bbox 128 4172 187 4237; x_wconf 88' lang='lat' dir='ltr'>IV.</span> <span class='ocrx_word' id='word_1_155' title='bbox 206 4171 318 4237; x_wconf 81' lang='lat' dir='ltr'>Ordcln</span> <span class='ocrx_word' id='word_1_156' title='bbox 338 4177 430 4259; x_wconf 68' lang='lat' dir='ltr'>popo</span> <span class='ocrx_word' id='word_1_157' title='bbox 456 4175 704 4261; x_wconf 65' lang='lat' dir='ltr'>reapparente</span> <span class='ocrx_word' id='word_1_158' title='bbox 723 4175 897 4262; x_wconf 79' lang='lat' dir='ltr'>fdpapjau&#39;t</span> <span class='ocrx_word' id='word_1_159' title='bbox 914 4170 1105 4259; x_wconf 79' lang='lat' dir='ltr'>fclesdle&#39;tju,</span> <span class='ocrx_word' id='word_1_160' title='bbox 1132 4171 1212 4258; x_wconf 71' lang='lat' dir='ltr'>napy</span> <span class='ocrx_word' id='word_1_161' title='bbox 1237 4193 1259 4234; x_wconf 85' lang='lat' dir='ltr'>o</span> 
     </span>
     <span class='ocr_line' id='line_1_22' title="bbox 128 4279 1257 4369; baseline -0.001 -25"><span class='ocrx_word' id='word_1_162' title='bbox 128 4281 280 4346; x_wconf 73' lang='lat' dir='ltr'>keresaetes</span> <span class='ocrx_word' id='word_1_163' title='bbox 294 4279 451 4364; x_wconf 75' lang='lat' dir='ltr'>ladjdrot</span> <span class='ocrx_word' id='word_1_164' title='bbox 467 4283 723 4349; x_wconf 72' lang='lat' dir='ltr'>cldlcesce&#39;tdsdben</span> <span class='ocrx_word' id='word_1_165' title='bbox 739 4305 778 4348; x_wconf 77' lang='lat' dir='ltr'>ac</span> <span class='ocrx_word' id='word_1_166' title='bbox 788 4283 968 4369; x_wconf 73' lang='lat' dir='ltr'>ecateryaml</span> <span class='ocrx_word' id='word_1_167' title='bbox 983 4279 1100 4347; x_wconf 74' lang='lat' dir='ltr'>draeket</span> <span class='ocrx_word' id='word_1_168' title='bbox 1114 4279 1257 4366; x_wconf 73' lang='lat' dir='ltr'>sepitsdlc.</span> 
     </span>
     <span class='ocr_line' id='line_1_23' title="bbox 642 4391 742 4456; baseline 0 0"><span class='ocrx_word' id='word_1_169' title='bbox 642 4391 742 4456; x_wconf 83' lang='lat'><strong><em>1263.</em></strong></span> 
     </span>
    </p>
   </div>
   <div class='ocr_carea' id='block_1_16' title="bbox 126 4563 1260 4766">
    <p class='ocr_par' dir='ltr' id='par_1_16' title="bbox 126 4563 1260 4766">
     <span class='ocr_line' id='line_1_24' title="bbox 235 4563 1260 4658; baseline 0.001 -24"><span class='ocrx_word' id='word_1_170' title='bbox 235 4563 391 4636; x_wconf 86' lang='lat' dir='ltr'>Urbanus</span> <span class='ocrx_word' id='word_1_171' title='bbox 417 4565 599 4658; x_wconf 73' lang='lat' dir='ltr'>Episcopus</span> <span class='ocrx_word' id='word_1_172' title='bbox 616 4576 679 4640; x_wconf 89' lang='lat' dir='ltr'>etc.</span> <span class='ocrx_word' id='word_1_173' title='bbox 695 4567 940 4638; x_wconf 82' lang='lat' dir='ltr'>venerabilibus</span> <span class='ocrx_word' id='word_1_174' title='bbox 967 4568 1126 4638; x_wconf 80' lang='lat' dir='ltr'>iratribus</span> <span class='ocrx_word' id='word_1_175' title='bbox 1141 4565 1260 4636; x_wconf 81' lang='lat' dir='ltr'>Archi·</span> 
     </span>
     <span class='ocr_line' id='line_1_25' title="bbox 126 4674 1259 4766; baseline 0.006 -26"><span class='ocrx_word' id='word_1_176' title='bbox 126 4674 294 4762; x_wconf 86' lang='lat' dir='ltr'>episcopis</span> <span class='ocrx_word' id='word_1_177' title='bbox 311 4681 346 4742; x_wconf 92' lang='lat' dir='ltr'>et</span> <span class='ocrx_word' id='word_1_178' title='bbox 360 4675 552 4766; x_wconf 81' lang='lat' dir='ltr'>Episcopis,</span> <span class='ocrx_word' id='word_1_179' title='bbox 579 4694 619 4745; x_wconf 83' lang='lat' dir='ltr'>ac</span> <span class='ocrx_word' id='word_1_180' title='bbox 644 4677 774 4747; x_wconf 85' lang='lat' dir='ltr'>dilectis</span> <span class='ocrx_word' id='word_1_181' title='bbox 798 4675 873 4746; x_wconf 88' lang='lat' dir='ltr'>liliis</span> <span class='ocrx_word' id='word_1_182' title='bbox 894 4678 1014 4748; x_wconf 86' lang='lat' dir='ltr'>ceteris</span> <span class='ocrx_word' id='word_1_183' title='bbox 1031 4676 1259 4749; x_wconf 81' lang='lat' dir='ltr'>Ecclesiarum</span> 
     </span>
    </p>
   </div>
   <div class='ocr_carea' id='block_1_17' title="bbox 0 0 1640 5280">
    <p class='ocr_par' dir='ltr' id='par_1_17' title="bbox 0 0 1640 5280">
     <span class='ocr_line' id='line_1_26' title="bbox 0 0 1640 5280; baseline 0 1"><span class='ocrx_word' id='word_1_184' title='bbox 0 0 1640 5280; x_wconf 95' lang='lat' dir='ltr'> </span> 
     </span>
    </p>
   </div>
  </div>
 </body>
</html>
