3270 5280
167 1217 230 1296 IV'.
247 1233 329 1298 Belo
355 1233 462 1320 kirtly
487 1235 664 1322 mayerisiti
687 1257 709 1299 o
730 1237 962 1322 pan-northalosc'
987 1245 1123 1326 apcitsdg
1148 1247 1295 1308 szdosdro

167 1339 289 1426 Scycss
310 1341 409 1404 aiacis
439 1341 486 1406 ΙΙ.
513 1341 614 1428 Gejza
638 1341 747 1428 kircily
773 1343 1101 1432 ielybenirayya'sdoai
1118 1351 1214 1415 1146.
1241 1363 1295 1416 iott

570 1449 773 1536 adoordaydt.
799 1451 897 1517 1263.

278 1641 361 1710 Boia
385 1639 449 1710 Dei
476 1644 590 1729 gracia
615 1643 792 1730 Hungarie‚
814 1645 996 1734 Dalmacic,
1015 1647 1164 1735 Groacic,
1181 1651 1294 1736 Rome,

169 1750 298 1828 Seruis,
316 1749 468 1835 Gallicis,
495 1751 700 1837 Lodomsrie,
729 1752 952 1839 (inmaniaque
969 1757 1038 1823 Rex
1055 1757 1205 1824 omnibns
1224 1779 1296 1843 pre·

169 1877 247 1926 sens
263 1862 419 1945 scriptum
445 1859 643 1946 inspecturis
659 1862 799 1927 salntem
816 1861 849 1928 in
866 1862 1008 1929 omnium
1024 1864 1210 1931 Saloatore.
1243 1865 1296 1932 Ad

143 2007 153 2015 -
169 1967 394 2034 vniuersornm
411 1965 569 2035 noticiam
579 1975 647 2035 tam
659 1969 865 2055 presencium
876 1989 972 2053 qoam
988 1969 1167 2039 futurorum
1183 1977 1296 2038 tenore

169 2075 378 2163 presencium
403 2075 554 2143 volumus
581 2076 765 2161 peruenire,
792 2077 878 2159 qnod
904 2080 1070 2148 accedens
1091 2080 1134 2145 ad
1151 2085 1297 2147 nostram

169 2182 376 2270 presenciam
392 2181 483 2252 oderi
499 2192 612 2252 noster
635 2182 747 2250 Fanus
774 2183 887 2252 Abbas
902 2183 1014 2251 Sancti
1031 2187 1163 2252 Martini
1180 2185 1223 2254 de
1239 2186 1297 2254 Sa·

170 2309 227 2357 ero
243 2291 353 2357 Monte
370 2291 540 2359 Pannonie
556 2292 760 2376 presentanit
776 2291 871 2360 nobis
881 2291 1089 2378 priuilegium
1106 2291 1218 2380 Geyse
1234 2294 1297 2361 Re·

169 2398 221 2483 gis
237 2397 380 2465 Secundi
404 2399 458 2481 pic
483 2398 738 2482 recordacionis,
764 2407 879 2485 petens
896 2406 931 2466 vt
947 2398 1035 2466 idern
1051 2407 1163 2469 nostro
1179 2401 1299 2485 Regali

170 2505 343 2594 priuilegio
358 2525 520 2574 renouare
538 2524 594 2574 sou
612 2506 804 2575 confirmare
821 2507 1041 2593 dignaremur.
1075 2509 1174 2578 (iuius
1198 2509 1298 2593 siqni-

170 2613 244 2684 dem
264 2619 360 2683 tenor
376 2614 455 2682 talis
476 2618 546 2683 cst:

280 2719 500 2808 (Koretkezik
516 2743 557 2790 aa
575 2720 713 2790 llos-ki
728 2719 887 2810 olrmtoy,
904 2723 992 2810 moly
1009 2721 1183 2792 olvashato
1199 2725 1225 2792 1.
1242 2725 1299 2793 ke·

171 2827 353 2898 tettinkben
370 2828 425 2896 56.
442 2829 463 2894 l.
481 2829 538 2895 24.
555 2847 598 2897 sn.
617 2823 663 2914 a.)

278 2935 349 3004 Nos
365 2937 464 3023 igitur
489 2945 633 3004 tenorem
659 2935 826 3022 priuilegii
852 2934 998 3004 ciusdem
1014 2935 1115 3003 Gaios
1142 2939 1242 3022 Regis
1258 2937 1301 3007 de

169 3045 273 3114 uerbo
289 3043 332 3112 ad
349 3044 483 3111 uerbum
509 3045 688 3111 recitantes
707 3049 819 3110 nostro
836 3043 1008 3128 priuilegio
1024 3025 1127 3110 inseri
1144 3043 1299 3112 iaciendo

170 3157 216 3224 ad
232 3154 428 3242 peticionem
458 3152 538 3220 dicti
563 3149 645 3219 Fani
672 3149 811 3218 Abbatis
829 3152 1038 3237 presentibus
1055 3151 1207 3220 duximus
1224 3172 1299 3219 con·

170 3261 376 3329 firmandum.
414 3259 531 3326 Actum
556 3278 616 3347 per
643 3277 758 3324 manns
785 3258 934 3344 magistri
950 3259 1106 3327 Farkasii
1124 3259 1230 3327 Eleoti
1245 3259 1299 3326 Al·

171 3371 285 3438 bensis
311 3369 387 3436 anie
412 3373 523 3438 nostre
547 3365 843 3435 Vico-Cancellarii
870 3367 982 3434 dilecti
1008 3374 1041 3434 et
1065 3365 1172 3434 idolis
1197 3367 1301 3434 nostri

172 3497 261 3544 anno
276 3477 410 3545 Domini
425 3477 598 3544 millesimo
614 3473 837 3542 ducentesimo
848 3476 1055 3560 sexagesimo
1072 3473 1186 3556 tercio,
1203 3479 1299 3542 sexto

173 3585 339 3654 kelandas
353 3583 564 3668 Nouembris,
577 3581 684 3669 Regni
694 3588 805 3650 autem
821 3581 922 3650 nostri
933 3600 1019 3650 anno
1030 3582 1188 3667 vigesrmo
1205 3600 1299 3648 nono.

173 3777 232 3851 (Aa
253 3777 365 3836 oredsti
387 3780 465 3848 utin,
487 3777 564 3850 moly
582 3771 967 3916 assffiirgrer‘ikgtapitsig
980 3771 1178 3834 lsvcrcsrtban
1198 3773 1302 3830 tirinia-
