3248 5274
611 351 616 364 ·
659 337 800 440 225..

169 529 413 607 ecclesiarum
432 533 642 633 profectum
662 547 699 611 et
723 536 986 638 religiosorum
1005 538 1172 618 locorum
1192 569 1290 622 oom-

168 657 321 734 modum
350 659 468 734 aciem
497 671 649 736 nostrae
679 661 989 741 considerationis
1017 669 1216 746 extendere
1236 679 1290 746 te·

166 807 343 881 neamur,
374 811 418 862 ea
443 786 632 886 corrigere
659 814 729 865 nos
749 800 906 890 oportet,
927 818 1024 892 quae
1041 793 1229 872 interdum
1249 797 1289 873 in

165 933 376 1010 gravamen
403 911 570 1012 ipsorum
597 922 737 990 temere
768 940 833 990 seu
861 916 974 992 etiam
1002 919 1211 1020 improvide
1235 935 1290 999 at·

167 1045 372 1114 tentantur.

274 1163 342 1240 Ea
387 1189 509 1264 quae
537 1220 546 1240 .
576 1221 584 1238 .
617 1176 950 1244 ‚statuuntur
997 1181 1084 1247 etc.
1131 1198 1288 1274 usque

167 1317 268 1366 com
283 1291 475 1368 muniri.
500 1323 544 1354 ==
566 1280 624 1367 Ea
644 1319 741 1393 quae
760 1293 903 1370 ratione
913 1297 1069 1395 praevia
1089 1293 1209 1402 (vagy
1223 1298 1284 1399 jn·

170 1418 278 1514 dicio,
299 1443 405 1522 vagy
423 1417 538 1518 pedig
557 1445 654 1520 quae
673 1419 720 1495 de
738 1419 917 1497 mandato
929 1421 1037 1500 Sedis
1047 1421 1287 1525 Apostolicae

172 1544 372 1622 concordia
401 1544 462 1620 vel
486 1543 647 1644 judicio,
675 1571 698 1620 a
726 1546 831 1640 mint,
851 1557 875 1622 t.
895 1547 917 1621 i.
939 1574 961 1622 a
980 1548 1084 1624 bulla
1103 1549 1287 1646 kitcltese,

165 1697 274 1774 vagy
294 1670 472 1748 tartalma
491 1667 661 1772 kivdnja)
682 1683 915 1769 statuuntur,
943 1674 1053 1750 firma
1083 1675 1221 1754 debent
1251 1692 1288 1756 et

164 1797 312 1873 illibata
330 1796 540 1898 persistere,
561 1809 597 1872 et
615 1798 711 1874 nain
722 1798 909 1875 recidivae
922 1803 1171 1880 contentionis
1182 1831 1286 1881 scru-

163 1923 295 2026 pulum
313 1923 541 2020 relabantur,
553 1923 771 2026 Apostolico
791 1928 968 2004 convenit
976 1929 1164 2028 praesidio
1185 1956 1286 2008 com·

164 2053 314 2130 muniri.

270 2179 434 2258 dustis
471 2179 765 2280 petentium
794 2177 1071 2258 desideriis
1100 2195 1185 2259 etc.
1215 2209 1284 2258 ns·

166 2331 259 2410 que
288 2304 554 2407 complere.
579 2339 622 2368 ==
644 2305 764 2382 Justis
782 2306 989 2408 petentium
1019 2307 1212 2384 desideriis
1232 2308 1285 2386 di·

164 2426 282 2534 gnum
312 2443 368 2508 est
396 2458 465 2507 nos
494 2431 643 2510 facilem
670 2435 854 2534 praebere
882 2459 1098 2530 assensum,
1128 2447 1165 2510 et
1183 2445 1284 2530 vota,

163 2583 261 2664 quae
289 2588 312 2636 a
338 2559 495 2638 rationis
522 2562 673 2638 tramite
699 2587 776 2637 non
805 2560 1032 2656 discordant,
1062 2561 1196 2640 effectu
1214 2590 1283 2664 pro

163 2699 343 2792 sequente
356 2687 561 2790 complere.

269 2812 1283 2918 Nimisiniquavicissitudineetc.usque

162 2943 424 3018 ultionum.
448 2974 493 3004 =
516 2940 636 3018 Nimis
670 2939 799 3039 iniqua
828 2938 1083 3016 vicissitudine
1111 2939 1282 3042 largitori

161 3071 349 3146 bonorum
368 3068 534 3144 omnium
552 3065 809 3168 respondetur,
830 3064 918 3140 dum
937 3066 974 3162 ii,
994 3067 1056 3167 qui
1076 3067 1122 3142 de
1141 3065 1281 3144 Christi

162 3197 389 3300 patrimonio
407 3193 616 3296 inpinguati
634 3191 824 3268 luxuriant
853 3191 1137 3288 damnabiliter,
1161 3195 1202 3270 in
1220 3219 1281 3270 eo-

163 3325 249 3400 dem
269 3321 462 3398 Christum
481 3323 521 3396 in
545 3319 696 3396 famulis
726 3319 802 3395 suis
820 3331 994 3420 patenter
1014 3322 1186 3423 persequi
1204 3345 1281 3396 non

163 3460 363 3549 verentur,
383 3448 461 3524 acsi
478 3448 601 3524 faetus
621 3449 669 3522 sit
687 3448 874 3548 impotens
894 3447 1066 3523 dominns
1088 3446 1279 3522 ultionum.

271 3576 388 3652 Piae
415 3572 699 3677 postulatio
718 3572 1004 3649 voluntatis
1024 3582 1108 3647 etc.
1127 3596 1281 3672 usque

162 3702 524 3778 indubitanter
553 3708 781 3776 assumat.
817 3729 862 3759 =
884 3697 975 3774 Piae
994 3696 1195 3798 postulatio
1215 3725 1279 3774 vo-

162 3830 316 3906 luntatis
336 3829 473 3906 effectu
491 3828 603 3904 debet
621 3835 871 3929 prosequente
892 3824 1083 3927 compleri,
1103 3835 1199 3901 utet
1218 3825 1279 3900 de·

163 3957 325 4033 votionis
356 3957 551 4034 sinceritas
578 3955 818 4032 laudabiliter
846 3954 1043 4050 enitescat,
1074 3962 1111 4028 et
1138 3950 1280 4027 utilitas

161 4085 355 4186 postulata
373 4086 473 4161 vires
491 4084 749 4162 indubitanter
768 4091 946 4158 assumat.

270 4213 615 4290 Prudentibus
661 4207 952 4309 virginibus
999 4215 1087 4282 etc.
1125 4229 1278 4304 usque

163 4365 220 4414 en
231 4351 381 4416 eruet.
396 4371 441 4400 =
463 4337 715 4416 Prudentibus
728 4334 948 4436 virginibus,
960 4359 1055 4433 quae
1065 4332 1135 4408 sub
1146 4329 1279 4407 habitu

162 4465 353 4569 religionis
383 4467 549 4542 accensis
577 4463 817 4564 lampadibus
845 4486 913 4562 per
937 4485 1049 4560 opera
1069 4456 1276 4533 sanctitatis

161 4597 299 4700 jugiter
317 4623 357 4674 se
375 4601 605 4699 praeparant
625 4590 927 4692 obviamsponso
938 4589 1003 4688 ire,
1015 4584 1130 4664 Sedes
1144 4580 1275 4687 Apost.
