3250 5268
624 369 821 477 su..

13 625 15 668 ἶ
130 563 291 648 precibus
308 568 454 654 ipserum
471 571 620 639 inclinati
643 569 883 638 continenciam
902 568 1123 655 predictarum
1142 567 1262 634 litters-
1326 637 1327 645 χ

129 692 205 738 rum
234 674 276 740 de
298 677 399 743 uerbo
416 675 608 746 adverbum
626 679 764 746 rescribi
781 677 940 744 facientes
959 675 1023 760 hijs
1040 675 1189 741 duximus
1207 673 1261 739 ad·

130 783 337 850 vocandam.
361 783 432 864 Qne
449 786 526 853 tulis
543 793 612 854 est:

9 931 11 971 :
245 889 318 958 Nes
334 889 536 960 Laurencius
553 894 616 962 stb.
631 891 785 978 (Lttriucs
802 892 925 978 erdelyi
942 891 1112 977 uajdtnsls
1131 891 1265 960 1248-ki

8 1002 9 1016 ¹
132 997 310 1084 ekmimya
336 999 509 1067 elunshato
526 1001 679 1086 Fejernel
697 1001 775 1068 Cori.
794 1001 882 1084 Dipl.
901 999 971 1067 VII.
989 1002 1020 1066 k.
1038 1001 1064 1067 1.
1082 1021 1108 1066 r.
1135 999 1209 1066 294.
1228 995 1265 1086 1.)

7 1113 8 1196 g
239 1106 319 1173 Nos
338 1127 412 1174 vere
429 1107 613 1192 predictam
641 1109 828 1176 libertatem
845 1129 903 1196 per
929 1109 1060 1197 singula
1079 1107 1265 1193 approban-

7 1209 8 1216 ’
131 1221 187 1280 tes
204 1219 352 1302 presenti
378 1218 553 1301 privilegio
579 1226 690 1284 nostro
706 1219 857 1287 duximus
884 1216 1158 1300 confirmandam
1185 1223 1216 1282 et
1231 1222 1267 1282 ut

7 1363 8 1366 =
133 1321 243 1408 ijdem
269 1322 418 1409 hospites
443 1325 548 1394 nostri
565 1327 607 1396 de
625 1333 733 1394 cetero
750 1332 990 1411 congregentur
1017 1333 1050 1392 et
1075 1325 1268 1408 congregati

7 1448 9 1510 ζ
133 1431 273 1500 mettius
298 1439 545 1518 commorentur,
563 1455 675 1504 omnes
691 1443 797 1502 terras
814 1419 967 1521 ipserum,
995 1431 1122 1499 scilieet
1146 1441 1266 1500 terram

6 1543 8 1592 ἕ
118 1537 263 1625 ,anul,
282 1543 354 1609 sine
369 1542 491 1610 herede
511 1541 713 1625 decedentis,
730 1541 832 1610 Marte
852 1542 1050 1627 Magdaiene
1067 1561 1131 1625 que
1147 1541 1268 1609 uetur·

6 1705 7 1718 ,
137 1653 260 1736 νηυσὶ]
271 1651 401 1737 dicitur,
418 1659 451 1718 et
461 1660 582 1718 terram
596 1653 665 1719 Pad
680 1653 889 1735 Saxonicum,
908 1659 939 1718 ct
949 1650 1020 1719 Pad
1030 1652 1268 1737 nungentum,

137 1777 248 1842 usque
273 1756 316 1825 ad
341 1766 464 1827 terram
491 1758 635 1846 Capituli
661 1756 816 1828 Albensis
834 1762 877 1828 de
902 1768 997 1848 parte
1026 1757 1269 1846 Potiuspatsls,

6 1875 8 1902 s
139 1875 255 1955 preter
273 1875 395 1936 terram
412 1869 551 1937 Abbatis
568 1869 609 1936 de
630 1871 796 1954 Bezered,
814 1889 886 1938 cum
902 1873 997 1939 silvis
1007 1920 1015 1954 ,
1032 1871 1128 1954 aquis
1138 1921 1147 1955 ‚
1165 1869 1270 1955 pratis

7 1987 8 2002 ¹
139 1985 174 2042 et
204 1977 413 2045 sessionibus
438 1979 591 2046 villarum
618 1999 812 2065 quecunque
838 1981 969 2048 nomine
995 1985 1189 2061 censentur,
1205 1997 1270 2062 que

6 2084 8 2172 ξ
140 2083 230 2151 infra
246 2082 354 2152 dietas
369 2091 475 2154 terras
485 2087 702 2174 includuntur,
719 2093 801 2175 quas
818 2089 861 2154 ab
878 2089 1012 2171 antiqno
1028 2105 1131 2170 usque
1149 2087 1194 2155 sd
1207 2083 1269 2154 heo

7 2205 8 2272 j
139 2199 306 2281 tempora,
324 2195 398 2281 ipse
415 2195 597 2262 Laureneio
614 2195 773 2281 Magistro
789 2203 955 2282 presente,
973 2213 1009 2262 se
1020 2195 1166 2262 tenuisse
1183 2213 1270 2264 asse·

140 2307 297 2388 metunt,
313 2303 452 2390 pacifice
478 2302 600 2372 eisdem
618 2305 801 2374 dimisimus
821 2304 1043 2392 possidendas
1054 2353 1064 2388 ,
1089 2309 1271 2370 statuentes

7 2473 8 2476 ,
141 2411 309 2498 premissa
324 2429 386 2497 per·
400 2411 510 2481 Banes
528 2420 660 2482 nostros
677 2433 735 2498 pro
752 2421 898 2500 tempore
924 2413 1117 2480 constitutos
1132 2406 1265 2480 inuiola-

6 2519 8 2561 't
141 2518 255 2586 biliter
270 2525 304 2585 et
315 2517 570 2587 misericorditer
580 2520 751 2588 obseruari
764 2522 809 2588 nil
827 2521 911 2586 ultra
921 2520 1106 2589 libertatern
1126 2523 1272 2605 ipserum

9 2667 10 2689 r
143 2628 349 2714 attemptari.
367 2627 409 2694 st
425 2635 460 2693 ut
478 2627 539 2695 heo
556 2629 693 2695 libertas
710 2627 887 2695 eorundem
904 2635 1061 2714 perpetuo
1072 2636 1271 2714 perseueret,

144 2759 206 2806 nee
222 2755 287 2822 per·
299 2741 487 2824 quempiam
503 2730 617 2805 ualeat
632 2737 793 2814 reuocari,
811 2745 981 2822 presentes
997 2737 1121 2806 eisdem
1136 2735 1272 2823 hospiti-

144 2849 208 2916 bus
233 2847 357 2916 nostris
380 2848 423 2913 de
439 2847 572 2932 Wyneh
599 2848 821 2915 concessimus
847 2849 975 2913 litteras
1002 2847 1148 2931 duplicis
1174 2845 1274 2932 sigilii

142 2956 253 3023 nostri
269 2953 448 3022 munimine
474 2957 656 3039 roboratas,
677 2956 798 3022 Datum
814 2974 874 3040 per
898 2973 1016 3022 manus
1036 2956 1189 3041 magistri
1214 2951 1274 3022 Lo·

143 3064 295 3146 demerit,
316 3062 392 3130 sule
409 3062 838 3146 nostreVice-Oanceliarii‚
858 3063 971 3131 dilecti
987 3069 1021 3131 et
1036 3063 1144 3132 tidelis
1160 3062 1274 3145 nostri,

9 3157 10 3170 ¹
144 3193 234 3239 enno
251 3169 385 3238 Domini
400 3171 450 3237 Μ0
463 3171 535 3242 00⁰
550 3173 758 3256 sexagesimo
774 3171 897 3256 quinto.

145 3383 317 3458 (mugnone
339 3359 436 3457 utu,
459 3381 572 3440 mss-st
595 3382 767 3455 magenerus·
790 3383 1064 3458 psvrregrnmeou,
1089 3382 1218 3439 Teucros
1241 3381 1273 3438 e·

144 3475 313 3534 Fimhaber
325 3471 565 3531 Urlsundenbueh
578 3491 630 3528 sur
643 3471 820 3532 Gesehiehte
833 3473 1082 3546 Siebenbttrgens.
1108 3473 1128 3528 Ι.
1142 3472 1171 3526 k.
1183 3473 1226 3527 81.
1240 3469 1273 3542 l.)
