3250 5268
643 1023 700 1092 ta

87 1217 213 1283 ravo
224 1221 402 1306 ponant
425 1219 698 1307 ottonotpmpolc
714 1243 735 1284 a
746 1224 840 1310 papa
864 1221 1090 1306 capreolorum
1117 1218 1234 1288 mou

222 1328 315 1391 doctri
323 1329 463 1416 popoak
478 1329 601 1415 aebday
616 1327 771 1416 topotodt
786 1327 987 1416 adommyoz.
1014 1329 1111 1396 1264.

7 1563 8 1610 3
213 1523 403 1610 Stephanus
413 1525 624 1592 miseratione
635 1523 759 1594 Divina
769 1526 978 1595 Penestrinus
990 1526 1175 1614 Episcopus
1186 1523 1234 1593 di·

7 1611 8 1616 ¹
106 1633 272 1700 lectosibi
286 1631 458 1700 inchristo
469 1609 1234 1721 uiroluouuowod(dvorwloriootaurisnsis

7 1821 8 1830 ἵ
37 1742 40 1748 ’
105 1737 281 1825 Diocesis,
308 1743 420 1826 nepoti
438 1741 637 1810 uenerabilis
662 1743 766 1830 patris
783 1789 792 1806 .
810 1791 818 1808 .
835 1792 843 1809 .
862 1743 1020 1830 Episcopi
1036 1742 1235 1828 Zagrabicn-

7 1861 8 1896 r
108 1849 171 1930 sis,
194 1851 339 1916 salutem
357 1850 390 1914 in
406 1847 560 1919 Domino.
587 1851 617 1918 N
621 1851 731 1918 oreris
747 1871 808 1921 nos
824 1851 991 1940 recepisse
1008 1852 1136 1919 litteras
1147 1851 1234 1936 Apo-

107 1956 246 2022 stolicas
263 1958 406 2025 sub'hac
423 1957 554 2026 forma:

216 2063 371 2132 Urbanus
398 2065 585 2153 Episcopus
612 2087 730 2134 seruus
755 2086 923 2135 seruorum
939 2067 1022 2152 Dei,
1049 2064 1234 2135 venerabili

7 2175 9 2264 ᾗ
107 2171 205 2238 tratri
222 2219 230 2234 .
248 2223 255 2238 .
277 2173 469 2261 .llpiscopo
480 2174 677 2242 Penestrino
694 2176 880 2243 salutemet
895 2175 1122 2260 Apostolioam
1138 2173 1235 2242 bens·

7 2269 8 2336 ἒ
107 2279 296 2348 dictionem.
320 2280 426 2350 Tuam
451 2282 599 2350 volentes
624 2283 785 2350 honorare
810 2303 985 2370 personam
1001 2291 1036 2351 et
1051 2303 1111 2370 per
1135 2283 1236 2350 hono·

107 2407 173 2453 rem
190 2385 254 2454 tibi
271 2389 451 2456 exhibitum
468 2391 545 2458 aliis
561 2390 745 2476 providere,
765 2390 956 2458 conserendi
972 2412 1031 2477 per
1047 2400 1090 2476 te,
1106 2393 1160 2461 rel
1176 2411 1236 2478 per

7 2513 9 2544 ÷
107 2496 211 2562 alium
231 2504 291 2562 aut
308 2497 394 2564 alios
411 2499 563 2582 personis
579 2497 705 2566 idoneis
721 2497 882 2564 beneficia
899 2499 1125 2568 ecclesiastiea
1134 2549 1144 2586 ,
1163 2515 1235 2586 pcr-

7 2585 8 2598 ’
108 2610 250 2670 conatus
276 2614 309 2670 et
337 2603 517 2692 dignitates
544 2625 616 2672 oum
643 2627 721 2673 cura
737 2611 770 2673 et
795 2607 868 2673 sine
883 2589 980 2692 cura,
1007 2626 1070 2691 que
1095 2608 1236 2676 dilectus

107 2710 195 2778 lilius
211 2711 418 2799 Tymotheus
434 2713 669 2798 Zagrabieusis
690 2713 824 2782 Electus
841 2713 1056 2799 promotionis
1081 2736 1141 2784 sue
1155 2724 1236 2783 tem·

107 2839 190 2908 pore
208 2820 242 2884 iu
260 2819 413 2906 Ungaria
429 2821 608 2907 obtinebat,
626 2843 666 2889 ac
683 2821 828 2891 faciendi
839 2842 1002 2908 personas
1019 2825 1110 2910 ipsas
1123 2827 1165 2893 ad
1182 2825 1238 2891 be-

107 2927 229 2996 neficia
248 2927 457 3015 huiusmodi,
483 2929 560 2996 siin
577 2931 736 2997 Ecclesiis
762 2931 951 3013 collegiatis
967 2931 1109 3016 luerint,
1135 2932 1238 3019 recipi

7 3097 8 3100 ,
107 3037 140 3102 iu
174 3037 363 3107 canonicos
395 3048 427 3104 et
450 3039 484 3104 in
515 3037 654 3122 tratres,
688 3059 750 3105 uec
781 3059 846 3106 non
879 3038 1143 3109 contradictores
1175 3047 1237 3108 eto.

7 3167 8 3178 2
110 3145 286 3232 compelli;
311 3147 551 3214 nonobstante
577 3155 666 3214 cerlo
683 3145 908 3215 Eccleslarum
931 3149 1078 3233 ipsamm
1096 3145 1237 3218 (tanoni-

111 3273 221 3320 curum
241 3273 379 3320 numero
389 3255 585 3339 iuramento,
596 3254 845 3322 confirmatione
856 3255 952 3322 Sedis
968 3257 1157 3341 Apostolice
1168 3259 1239 3326 siue

111 3381 309 3446 quacunque
333 3363 486 3429 firmitate
503 3363 648 3447 vallato,
665 3371 721 3430 aut
737 3363 766 3432 si
782 3363 960 3433 direximus
977 3365 1009 3429 in
1027 3383 1068 3430 ea
1083 3387 1143 3451 pro
1160 3366 1237 3432 aliis

110 3471 239 3554 scripta
254 3477 390 3554 nostra,
415 3489 475 3537 seu
491 3469 521 3536 si
542 3470 640 3538 Sedis
667 3470 811 3538 eiusdem
828 3472 883 3539 vel
909 3473 1108 3556 Legatorum
1133 3473 1238 3558 ipsius

7 3615 8 3620 κ
110 3589 166 3645 aut
181 3597 381 3664 quacunque
396 3579 595 3668 auctoritate
621 3579 654 3644 iu
672 3579 720 3647 eis
737 3580 771 3646 in
788 3579 963 3646 canonicos
986 3580 1090 3664 aliqui
1107 3581 1175 3646 sint
1189 3601 1237 3648 rc-

113 3687 212 3774 cepti,
228 3687 282 3754 vel
298 3695 336 3752 ut
347 3687 573 3781 recipiantur,
589 3687 758 3772 insistant,
775 3689 892 3771 quibus
909 3708 968 3773 per
984 3687 1046 3755 hoc
1064 3689 1172 3771 quoad
1188 3707 1238 3755 as·

7 3779 8 3868 ἷ
112 3795 315 3863 secutionem
332 3793 471 3862 aliorum
488 3794 739 3880 beneficiorum,
759 3802 1006 3892 personatuum,
1022 3795 1076 3863 rel
1087 3794 1239 3880 dignita·

111 3911 178 3971 tum
195 3903 414 3989 preiudioium
439 3906 566 3990 nullum
582 3904 657 3990 liat,
684 3913 742 3972 aut
758 3905 787 3976 si
803 3911 854 3974 est
870 3904 1035 3989 aliquibus
1059 3906 1103 3972 ab
1124 3905 1239 3976 eadem

7 4083 9 4112 ,
113 4014 202 4080 Sede
218 4013 404 4098 indultum,
432 4014 520 4098 quod
537 4014 579 4079 ad
596 4015 816 4100 receptionem
832 4015 886 4081 vel
905 4014 1127 4100 provisionem
1141 4015 1240 4080 alicu-

113 4122 163 4186 ius
179 4121 316 4188 minime
334 4128 509 4190 teneantur
536 4131 569 4188 et
585 4122 630 4190 ad
646 4121 680 4187 id
702 4123 875 4209 compelli,
903 4124 1055 4206 quodque
1079 4122 1243 4215 interdici,

114 4229 296 4314 suspendi,
322 4231 375 4296 rel
391 4230 669 4298 excommunicari
686 4251 752 4298 uon
768 4235 905 4318 possint,
927 4239 960 4298 et
974 4229 1063 4316 quod
1079 4227 1122 4296 dc
1138 4232 1240 4298 benc·

114 4335 208 4421 ficiis,
233 4339 467 4425 personatibus
493 4339 546 4406 vel
571 4339 790 4425 dignitatibus
816 4341 860 4407 ad
887 4339 1097 4408 collationem
1131 4357 1242 4408 eorum

116 4447 347 4532 spectantibus
372 4447 454 4514 nulli
471 4449 584 4515 valeat
604 4446 772 4542 provideri
789 4466 848 4532 pcr
874 4447 1004 4514 litteras
1030 4447 1242 4533 apostolicas,

115 4573 178 4639 que
195 4557 238 4623 de
256 4557 384 4625 indulto
411 4555 598 4624 huiusmodi
615 4559 747 4640 plenam
764 4563 797 4622 et
813 4575 1003 4642 expressam
1029 4576 1094 4622 uon
1109 4553 1244 4624 iecerint

7 4681 8 4684 ’
118 4667 331 4749 mentionem,
347 4670 410 4734 seu
421 4665 570 4748 qualibet
585 4665 655 4734 alia
671 4663 877 4751 indulgentia
893 4663 980 4734 dicte
996 4664 1105 4748 Sedis,
1120 4664 1162 4732 de
1178 4685 1245 4750 qua

169 4790 274 4836 uorum
283 4789 363 4833 sure.
378 4785 601 4832 man-ursus.
1064 4777 1085 4844 g
