3250 5268
846 288 1005 390 Ja-

367 481 415 548 sio
440 480 684 550 Oauonicorum
710 505 844 555 numero
875 493 1076 566 iuramento,
1110 481 1357 549 confirmatione
1390 479 1490 546 Sedis

367 591 558 676 Apostolice
575 610 633 656 seu
659 612 850 678 quacunque
874 593 1029 660 firmitate
1046 593 1192 674 vallato,
1218 597 1275 656 aut
1290 589 1319 654 si
1335 587 1491 653 dominus

367 697 461 782 Papa
477 698 510 762 in
531 718 572 766 oa
588 718 647 783 pro
663 700 738 767 aliis
755 701 914 768 direxerit
933 700 1055 784 scripta
1072 720 1154 784 sna,
1170 717 1229 764 seu
1245 699 1273 763 si
1290 695 1387 762 Sedis
1403 695 1491 779 Apo-

367 806 484 874 stolice
498 807 550 872 vel
567 807 762 890 Legalorum
779 809 882 894 ipsius
899 819 956 875 ant
973 825 1166 890 quacunque
1182 805 1380 871 auctoritate
1399 803 1432 867 in
1451 820 1495 866 ea

366 911 401 977 in
418 914 603 982 canonicos
620 915 722 998 aliqui
739 918 806 984 sint
820 918 955 1000 recepti,
972 917 1024 981 vol
1040 923 1076 981 ut
1093 913 1303 996 recipiantur,
1318 910 1494 990 insistant,

368 1019 486 1105 quibus
513 1040 572 1105 per
594 1023 656 1090 boc
681 1024 788 1106 quoad
813 1023 1054 1092 assecutionem
1080 1021 1219 1088 aliorum
1248 1017 1494 1096 beneficiorum,

368 1137 599 1212 personatuum
618 1132 670 1197 vel
687 1132 884 1215 dignitatum
910 1129 1121 1216 preiudioium
1139 1128 1261 1193 nullum
1288 1126 1366 1208 fiat,
1387 1133 1448 1190 aut
1465 1124 1494 1185 si

369 1243 419 1302 est
435 1237 598 1320 aliquibus
615 1239 656 1303 ab
674 1239 789 1304 eadem
804 1239 891 1306 Sede
910 1237 1079 1322 indultum,
1098 1236 1187 1318 quod
1204 1235 1248 1301 ad
1266 1233 1493 1317 receptionem

369 1344 422 1409 vel
439 1345 657 1431 provisionem
674 1348 812 1415 alicuius
829 1347 962 1413 minime
979 1351 1157 1422 teneantur,
1175 1354 1207 1409 et
1222 1342 1267 1409 ad
1283 1341 1315 1408 id
1328 1338 1497 1423 compelli,

369 1452 523 1537 quodque
539 1454 709 1539 interdici,
730 1455 889 1539 suspendi
906 1455 961 1521 rel
978 1451 1251 1520 excommunicari
1268 1468 1334 1514 non
1352 1447 1496 1530 possint,

370 1568 403 1626 et
419 1560 507 1642 qnod
523 1560 565 1629 de
580 1563 762 1644 beneficiis,
779 1562 1009 1647 personatibus
1029 1561 1081 1626 vel
1097 1559 1315 1642 dignitatibus
1332 1555 1377 1621 ad
1394 1555 1496 1622 colla·

369 1665 491 1736 tionem
507 1687 617 1736 eorum
633 1672 857 1754 spectantibus
874 1669 955 1736 nulli
973 1668 1083 1735 valeat
1106 1666 1273 1754 provideri
1289 1685 1348 1749 per
1365 1663 1497 1728 litteras

371 1777 593 1862 Apostolieas,
620 1797 684 1860 que
701 1779 740 1844 de
756 1777 883 1844 indulto
900 1775 1084 1846 huiusmodi
1100 1777 1231 1862 plenam
1253 1782 1286 1841 et
1302 1791 1498 1858 expressam

372 1904 435 1950 nou
452 1884 590 1952 iecerint
614 1885 828 1960 mentionem,
854 1904 913 1950 seu
930 1886 1076 1967 qualibet
1091 1886 1160 1950 alia
1185 1881 1393 1968 indulgentia
1408 1881 1499 1946 dicte

369 1991 476 2076 Sedis,
493 1991 534 2057 de
550 2011 616 2073 qna
631 1997 785 2075 cuiusque
801 1999 871 2058 toto
889 1999 1004 2060 tenore
1021 1993 1172 2060 deverbo
1189 1991 1232 2057 ad
1250 1991 1384 2056 verbum
1402 2007 1499 2074 opor-

370 2101 488 2165 teatin
505 2099 626 2167 nostris
643 2098 759 2166 litteris
784 2101 917 2186 plenam
934 2107 966 2167 et
982 2119 1173 2186 expressam
1197 2099 1398 2164 mentionem
1414 2094 1500 2178 fieri,

372 2213 405 2273 et
421 2227 479 2291 per
495 2227 591 2289 quam
609 2207 744 2273 effectus
768 2209 968 2292 presentium
990 2207 1141 2293 impediri
1151 2209 1273 2290 valeat,
1290 2206 1345 2272 vel
1361 2203 1501 2288 differri,

373 2321 429 2380 ant
444 2315 532 2396 quod
547 2315 631 2380 alias
648 2315 867 2383 beneficiatus
878 2305 1021 2398 existas}
1039 2313 1255 2383 decernentes
1267 2313 1369 2379 etiem
1386 2316 1501 2379 aucto-

373 2421 469 2486 ritate
478 2422 628 2507 predicta
638 2423 762 2490 irritum
774 2429 807 2490 et
817 2425 961 2510 inuncti
972 2443 1068 2492 secus
1079 2424 1120 2491 de
1130 2421 1503 2491 huiusmodiArcbidia·

372 2539 499 2614 conatu,
512 2531 737 2598 (lannonioatu
749 2543 782 2598 et
797 2531 976 2616 prebenda,
988 2531 1105 2617 quavis
1117 2533 1312 2600 auctoritate
1324 2530 1513 2614 contigerit

372 2657 431 2724 per
440 2639 581 2722 aliquem
592 2641 789 2723 attemptari.
800 2639 918 2706 Actum
929 2639 1017 2726 apud
1024 2639 1206 2706 UrbemVet
1212 2659 1300 2707 erem
1312 2642 1345 2706 iu
1355 2637 1504 2723 bospitio

374 2751 497 2830 nostro,
514 2746 720 2831 presentibus
745 2745 991 2814 venerabilibus
1006 2747 1157 2831 patribus
1174 2747 1238 2813 Dei
1255 2747 1365 2832 gratia
1380 2747 1420 2812 Α.
1439 2743 1503 2812 Ur-

374 2854 534 2939 gallensi,
560 2860 591 2920 et
606 2851 790 2939 Tymotheo
806 2853 1024 2937 Zagrabiensi
1039 2855 1215 2940 Episcopis
1224 2903 1233 2938 ,
1261 2854 1363 2920 fratre
1380 2855 1504 2919 Bente·

374 2979 492 3043 regna,
509 2960 611 3028 fratre
621 2960 738 3028 Gratia
755 2960 797 3027 de
813 2961 971 3027 Minorum
984 2967 1017 3028 et
1033 2963 1190 3046 magistro
1201 2962 1345 3028 Roberto
1357 2959 1505 3026 (lantone

375 3066 416 3136 de
431 3068 569 3153 Posega,
587 3068 707 3134 domini
723 3069 813 3154 Papo
827 3067 1024 3153 Subdioauo,
1042 3067 1234 3154 depellaris
1252 3069 1393 3152 nostris;
1415 3065 1505 3134 'Pbo-

375 3175 504 3241 masino
519 3176 666 3260 notario,
691 3176 852 3244 Jacobiuo
868 3177 988 3243 elerico
1005 3182 1037 3241 et
1053 3175 1204 3243 (luidone
1222 3176 1315 3267 Bono
1330 3176 1506 3243 familiari-

376 3281 437 3350 bus
454 3282 582 3365 nostris,
599 3288 633 3348 et
649 3285 797 3366 pluribus
814 3285 957 3350 testibus
979 3285 1023 3350 ad
1041 3285 1103 3351 boc
1120 3284 1245 3352 vocatis
1261 3283 1455 3367 specialiter
1472 3291 1508 3352 et

375 3391 606 3474 rogatis,anno
617 3389 749 3456 Domini
760 3389 985 3460 MCOLXlllI.
1001 3391 1216 3459 Pontificatus
1235 3392 1358 3458 domini
1374 3389 1507 3459 Urbani

377 3497 467 3583 Pape
482 3499 556 3566 IIlI.
580 3518 666 3566 anno
693 3499 798 3583 terti0,
823 3501 1008 3567 Indictione
1035 3503 1129 3585 VH,
1144 3503 1198 3568 die
1214 3499 1320 3588 primo
1341 3499 1504 3567 Jenuarii.

378 3605 417 3674 Iu
448 3605 539 3673 cuius
564 3605 611 3673 rei
637 3607 860 3674 testimonium
886 3627 1024 3694 presens
1054 3610 1220 3696 publicum
1251 3608 1507 3675 instrumentum

379 3712 448 3779 lieri
465 3713 602 3780 fecimus
620 3720 651 3779 et
667 3713 767 3799 sigilli
793 3715 896 3783 nostri
915 3713 1092 3782 monimine
1117 3716 1278 3782 roborari.
1298 3717 1339 3780 st
1359 3735 1424 3800 ego
1440 3718 1508 3781 An·

379 3813 470 3903 gelus
487 3820 528 3886 de
552 3821 700 3887 Palliano
717 3823 838 3889 Sancte
862 3823 1004 3888 Romane
1029 3821 1179 3889 Eoolesie
1204 3821 1403 3889 Scriniarius
1429 3845 1506 3910 pre·

380 3926 476 3995 dictis
493 3927 622 3995 interlui
632 3979 641 4014 ,
668 3937 701 3996 et
717 3949 759 3996 ea
774 3929 815 3996 de
831 3931 989 3998 mandato
1007 3929 1155 3998 eiusdem
1172 3927 1296 3998 domini
1312 3930 1508 4000 Gardiualis

379 4037 496 4124 scripsi
512 4043 543 4104 et
558 4047 691 4123 rogatus
706 4037 847 4106 fideliter
861 4038 1037 4124 publicavi.

378 4227 490 4303 (oeten
503 4227 582 4302 ptpa
594 4229 765 4304 megerbsltd
786 4227 1000 4302 okmtuytbdl,
1021 4231 1129 4303 melyct
1150 4231 1211 4290 ides
1225 4229 1336 4290 fenebb
1351 4233 1397 4292 56.
1410 4249 1452 4289 aa.
1468 4233 1509 4305 a.)
