3230 5268
650 317 809 422 —19—9-

155 517 325 596 voeatam,
341 513 557 581 sufficientem
569 515 693 584 culture
708 515 804 604 trium
820 522 1003 585 aratrorum
1019 520 1186 604 velpaulo
1201 522 1283 605 plus,

157 641 240 687 cnm
267 621 415 689 omnibus
440 619 639 708 utilitatibus
666 625 735 693 suis
755 621 800 692 ad
815 623 922 709 ipsam
947 632 1068 693 terram
1093 627 1283 713 pertinenti·

155 729 226 796 bns
251 750 310 817 pro
334 729 481 798 seruiciis
507 737 541 798 et
568 730 781 800 fidelitatibus
796 731 865 800 suis
883 733 977 798 nobis
994 743 1027 800 et
1043 733 1156 817 Regno
1173 741 1284 802 nostro

158 837 322 924 impensis
349 837 411 905 sibi
437 837 585 906 conferre
608 839 649 905 de
674 845 783 906 nostre
809 839 923 925 gracie
949 839 1149 924 plenitudine
1174 841 1283 909 facere

159 945 386 1030 dignaremur.
422 946 541 1012 Verum
563 946 637 1032 qnia
668 945 709 1012 de
732 947 892 1030 qualitate
923 955 957 1012 et
988 947 1168 1030 quantitate
1199 949 1286 1016 dicte

158 1063 248 1120 terre
274 1055 367 1122 nobis
391 1055 437 1121 ad
463 1056 594 1138 plenum
619 1075 683 1122 non
708 1056 883 1122 constabat
899 1055 1012 1138 aliqua
1028 1053 1198 1141 certitudo,
1215 1079 1282 1124 ma·

159 1162 267 1245 gistro
291 1162 421 1245 lictori,
447 1160 583 1230 Custodi
609 1160 758 1228 Ecclesia
783 1161 965 1228 Janriensis
994 1163 1144 1230 dedimus
1160 1163 1193 1228 in
1210 1185 1281 1250 pre·

162 1270 282 1357 ceptis,
306 1277 341 1336 rt
366 1271 449 1336 scita
470 1269 656 1338 omminoda
671 1271 809 1336 veritate
825 1275 909 1336 terre
926 1271 1071 1353 predicte
1089 1271 1281 1354 qualitatem

161 1379 361 1446 rescriberet
386 1385 419 1445 et
444 1378 546 1446 eciam
568 1378 793 1462 quantitatem.
810 1377 873 1457 Qui
890 1379 983 1446 nobis
1000 1377 1180 1462 rescripsit,
1195 1380 1283 1462 quod

163 1486 254 1555 dicta
270 1493 359 1553 terra
374 1486 459 1554 Tetb
475 1492 565 1554 esset
580 1485 748 1554 subiciens
765 1486 837 1553 usui
861 1494 893 1551 et
909 1487 1032 1554 culture
1049 1486 1145 1552 trium
1160 1494 1283 1554 aratro·

166 1617 239 1663 rnm
255 1597 309 1662 vel
325 1596 423 1680 paulo
440 1598 526 1682 plus,
543 1596 668 1681 etipsa
693 1596 810 1662 eadem
835 1601 924 1662 esset
939 1596 1003 1662 site
1019 1596 1052 1660 in
1068 1603 1163 1681 parte
1179 1594 1282 1661 orien-

166 1704 225 1772 tali
237 1703 334 1786 juxta
351 1711 470 1772 terram
489 1705 621 1772 comitis
637 1699 772 1770 Oliuerii
789 1702 831 1770 de
845 1702 929 1780 Pub,
946 1710 978 1769 et
994 1721 1014 1766 a
1030 1707 1123 1787 parte
1139 1711 1278 1789 septem-

164 1810 296 1880 trionali
320 1813 420 1897 juxta
448 1811 593 1899 predium
620 1810 811 1880 monasterii
837 1812 984 1895 magistri
1011 1809 1176 1896 Mauricii,
1202 1817 1236 1877 et
1261 1831 1282 1875 a

165 1926 261 2005 parte
286 1919 479 1987 occidentali
503 1920 600 2006 juxta
625 1919 771 2005 predium
798 1917 947 2006 magistri
971 1917 1159 1985 Alexandri.
1176 1917 1281 1996 Quam

165 2047 224 2094 nos
250 2028 310 2095 sub
338 2029 406 2094 snis
433 2030 597 2096 veteribus
622 2029 717 2094 metis
743 2035 776 2094 at
800 2025 1030 2110 antiqniscum
1047 2026 1197 2094 omnibus
1213 2027 1281 2096 suis

160 2136 359 2203 utilitatibus
377 2137 464 2205 dieto
490 2137 646 2218 magistro
661 2134 797 2221 Tbome,
815 2134 936 2203 dilecto
953 2141 986 2202 et
1001 2133 1088 2202 fideli
1105 2140 1228 2217 nostro,
1244 2135 1281 2202 li·

166 2251 216 2310 cet
231 2264 252 2310 a
268 2245 363 2312 nobis
379 2248 475 2331 plura
490 2254 679 2328 mercretur,
698 2244 739 2312 de
755 2243 956 2330 plenitudine
971 2249 1081 2310 nostre
1097 2242 1207 2327 gracie
1223 2243 1279 2309 de·

164 2349 277 2435 dimus,
295 2353 500 2438 donauimns,
519 2354 710 2422 contulimus
722 2354 799 2440 jure
815 2357 974 2440 perpetuo
989 2349 1227 2440 possidendam
1245 2358 1279 2416 et

163 2459 362 2527 habendam.
388 2463 425 2528 In
451 2461 543 2546 cujus
570 2462 618 2528 rei
641 2461 875 2544 testimonium,
901 2467 936 2526 vt
961 2456 1145 2544 hujusmodi
1170 2463 1282 2524 nostra

164 2566 301 2636 donacio
325 2569 522 2638 inuiolabilis
549 2579 582 2639 et
607 2570 831 2639 irreuocabilis
854 2566 961 2655 possit
985 2585 1186 2653 permanere,
1202 2583 1280 2654 pre-

165 2683 274 2746 sentes
300 2680 522 2748 concessimus
547 2680 676 2748 litteras
702 2679 843 2765 duplicia
860 2677 962 2763 sigilli
988 2676 1091 2744 nostri
1107 2671 1281 2741 munimine

163 2786 347 2852 roboratas.
376 2785 493 2854 Datum
513 2809 572 2874 per
587 2807 703 2856 manus
721 2786 870 2873 magistri
886 2783 1045 2850 Demetrii
1070 2784 1145 2850 aule
1170 2787 1281 2850 nosue

166 2892 243 2959 Viee
260 2893 457 2964 cancellarii
474 2897 587 2964 dilecti
603 2905 635 2965 et
650 2895 755 2963 fidelis
772 2895 881 2976 nostri,
908 2912 994 2960 anno
1021 2889 1153 2958 Domini
1178 2889 1279 2956 milla-

166 3001 247 3068 simo
266 3003 489 3074 duceutesimo
500 3004 706 3089 sexagesimo
717 3023 814 3082 nono,
830 3002 934 3086 Regni
951 3005 1057 3068 autem
1069 2997 1175 3066 nostri
1190 3017 1278 3064 anno

166 3109 329 3180 tricesimo
346 3121 471 3196 quarto.

313 3305 437 3378 (floruit
447 3306 548 3368 lstvin
560 3303 749 3365 kdsiratsibdl
761 3325 779 3364 a
793 3304 912 3364 nemeti
926 3296 1136 3372 mnasumban.)
