3230 5268
636 1007 710 1074 14³.

116 1226 153 1292 V.
170 1225 278 1292 latudn
293 1227 399 1313 kirdfy
414 1225 507 1290 Most
519 1226 776 1312 araopmfuemek
790 1225 1022 1313 Zdrbsrdnybers
1037 1222 1073 1311 (a
1086 1224 1154 1290 mua'
1174 1221 1231 1290 Ve-

174 1333 410 1422 rdsbmdoyben)
426 1335 546 1401 taceae
563 1333 717 1420 doldnpni
724 1331 834 1418 fdldet
848 1334 1048 1422 admudnpoz.
1065 1333 1164 1398 1270.

218 1551 408 1638 Stephanus
434 1551 498 1619 Dei
523 1551 638 1636 grauia
662 1551 850 1637 Hungarie‚
876 1549 1067 1629 Daimaoie,
1083 1549 1229 1634 Grounie,

112 1662 236 1744 Reme,
262 1661 396 1744 Seruio,
417 1659 576 1744 Gallioie,
593 1659 807 1746 Lodomede,
823 1661 1000 1745 (inmanis,
1016 1659 1233 1745 Bnlgarieqne

113 1769 184 1836 Rex
207 1768 357 1835 omuibus
383 1767 507 1836 Christi
531 1765 684 1836 fidelibus
708 1775 878 1855 presentes
895 1769 1022 1836 litteras
1037 1767 1234 1854 inspeeturis

114 1875 251 1942 salutem
277 1875 311 1941 in
337 1877 480 1944 omnium
507 1875 692 1944 Saloatore.
708 1878 761 1944 Ad
777 1879 1001 1945 uniuersorum
1018 1875 1172 1944 notioianr
1188 1881 1232 1942 te-

115 2003 195 2052 nore
210 1986 419 2070 presencium
436 1985 583 2051 volumus
599 1985 780 2073 peruenire,
797 1985 883 2069 quod
899 1985 1050 2054 bfatbeus
1066 1984 1235 2051 aurifaber

115 2101 226 2160 nonen
241 2092 283 2158 ad
298 2101 444 2163 rostram
459 2089 624 2162 aecedens'
640 2095 857 2182 presenciam,
873 2094 968 2160 nobis
983 2093 1145 2160 humiliter
1160 2111 1234 2178 sup-

115 2203 262 2288 plicante,
287 2213 323 2270 ut
348 2205 411 2272 sibi
432 2204 473 2272 de
489 2211 578 2272 turra
595 2205 780 2273 Salonronis
796 2203 856 2272 filii
871 2204 983 2287 Feieh,
1001 2205 1079 2272 oiinr
1094 2204 1166 2271 sine
1180 2201 1235 2268 he·

115 2311 194 2379 rede
210 2309 410 2397 decedentis,
427 2312 662 2399 prouidere-de
678 2313 883 2398 benignitate
898 2311 1003 2398 Regia
1018 2309 1235 2398 dignaremur,

116 2419 231 2488 dioens
256 2423 395 2490 eandem
420 2430 541 2490 terram
557 2425 589 2490 in
606 2429 694 2490 terra
710 2423 789 2492 ville
805 2421 977 2508 Zarberyn
992 2421 1088 2487 sitam
1104 2439 1187 2502 esse,
1203 2427 1238 2484 et

115 2548 174 2613 per
199 2529 338 2618 populos
363 2530 545 2603 dinteville
562 2539 755 2618 oeoupatarn
771 2531 920 2598 detineri.
935 2531 1005 2598 Nos
1022 2530 1141 2614 itaque,
1158 2525 1235 2611 qnia

114 2645 206 2704 terra
221 2655 281 2706 sen
295 2639 461 2724 possessio
477 2637 598 2708 nobilis
614 2639 755 2708 hominis
772 2640 844 2708 sine
859 2639 980 2708 beredo
996 2635 1182 2709 deoedsntis
1192 2633 1235 2701 ad

116 2765 233 2814 manus
248 2748 370 2834 Regias
386 2747 517 2817 deuoiui
533 2747 641 2832 debet,
668 2747 882 2835 peticionibus
906 2747 1053 2814 eiusdem
1079 2742 1238 2812 aurifabri

116 2854 222 2922 nostri
238 2875 383 2923 annuere
398 2857 557 2941 volentes,
572 2853 724 2923 fidelibus
740 2854 860 2921 uostris
877 2855 1064 2939 Preoeptori
1080 2863 1113 2920 et
1127 2851 1235 2921 Ornoi·

115 2962 194 3030 feris
210 2962 253 3030 de
271 2964 367 3050 Alba,
386 2971 420 3030 vt
435 2963 477 3031 de
491 2965 566 3050 ipsa
581 2973 679 3048 terra,
695 2971 801 3032 utrunr
817 2963 929 3048 ipsius
939 2961 1124 3029 Salomonis
1134 2959 1239 3036 fuerit

118 3077 150 3138 et
166 3071 284 3139 sedam
299 3073 371 3140 sius
386 3072 507 3142 herede
526 3072 707 3142 deoedente
723 3073 850 3157 absque
865 3071 1047 3140 ooilaoione
1061 3071 1165 3155 Regia
1180 3087 1239 3155 per

117 3179 258 3266 populos
273 3179 421 3248 eiusdem
438 3181 516 3248 ville
531 3181 575 3248 sit
591 3183 732 3267 detenta,
747 3182 791 3250 ab
807 3180 958 3250 omnibus
984 3177 1238 3268 oonnprouinoia·

119 3287 206 3357 libus
223 3295 256 3356 et
271 3289 387 3356 rioinis
402 3287 579 3374 diiigenter
593 3289 804 3374 inquirerent,
821 3291 944 3358 nostris
960 3291 1076 3356 litteris
1092 3286 1239 3355 dedimus

120 3397 154 3463 in
170 3396 346 3464 mandatis.
362 3397 425 3476 Qui
442 3399 569 3481 quidem
585 3397 697 3466 infide
713 3399 784 3466 Deo
802 3404 835 3464 et
845 3399 972 3467 Corone
982 3396 1092 3464 debita
1101 3395 1238 3481 reeorip·

122 3513 234 3575 serunt
258 3507 367 3593 nobis,
383 3507 525 3574 eandem
541 3515 662 3574 terram
678 3508 781 3575 fuisse
798 3507 1031 3577 hereditariam
1046 3502 1165 3592 profati
1179 3505 1239 3571 Sa·

122 3615 262 3683 lomonis
286 3615 359 3684 sine
382 3613 505 3684 herede
530 3614 728 3699 deoedentfs,
756 3616 843 3684 siout
866 3617 907 3685 ab
924 3614 1074 3686 omnibus
1097 3629 1239 3698 eumpro-

124 3723 323 3795 uinoialibus
338 3723 511 3810 diligenter
526 3724 687 3809 inquirere
703 3730 893 3812 potnerunt,
918 3731 951 3794 et
963 3744 1023 3811 per
1038 3723 1177 3812 pupulos
1192 3723 1240 3808 ip·

124 3835 191 3902 sius
216 3832 296 3902 rifle
322 3831 478 3901 Zarberin
503 3831 576 3902 sine
590 3835 724 3903 raoione
739 3835 850 3921 aliqua
865 3853 938 3903 esse
954 3834 1122 3902 detentam
1136 3849 1242 3916 usqne

125 3938 231 4010 modo.
258 3939 415 4008 Veientes
440 3937 538 4025 igitur
558 3941 776 4027 peticionibus
790 3943 893 4028 ipsius
908 3939 1067 4009 aurifabri
1081 3937 1184 4007 nostri
1199 3937 1241 4004 ob

125 4049 241 4118 merita
257 4048 468 4118 seruioiornm
484 4069 614 4118 suornm
631 4051 728 4122 nobis
748 4051 890 4120 fideliter
905 4051 1124 4136 impensorum
1140 4045 1240 4134 Regio

127 4177 293 4228 oeourrero
308 4177 380 4226 eun
396 4157 521 4245 fauore,
538 4157 671 4228 Petrum
686 4159 789 4228 tilinnr
805 4159 957 4246 Georgij,
974 4157 1170 4229 seruientem
1185 4177 1240 4225 no-

127 4279 239 4345 strum,
255 4266 389 4354 oognita
412 4267 597 4338 huiusmodi
612 4270 752 4339 ueritate
767 4269 810 4339 de
826 4269 913 4336 faoto
928 4268 1014 4338 diote
1028 4277 1124 4351 terre,
1139 4274 1175 4335 vt
1189 4266 1241 4351 ip·

126 4399 197 4445 saun
223 4385 344 4444 terram
374 4377 561 4446 Salomonis
586 4377 833 4446 eum'omnibus
860 4375 984 4444 iuribus
999 4383 1032 4445 et
1048 4374 1243 4444 utilitatibus

126 4487 194 4556 suia
210 4486 272 4554 sub
296 4485 483 4554 testimonio
518 4488 693 4555 eorundem
714 4485 943 4556 eruoiferornm
959 4484 1000 4552 de
1015 4484 1102 4552 Alba
1116 4481 1243 4570 prefato

127 4595 294 4664 aurifabro
319 4601 434 4664 nostro
459 4601 593 4678 statuat,
619 4593 771 4664 duximus
798 4593 1093 4664 transmittendum.
1112 4593 1244 4662 Statuta

128 4713 202 4774 sunt
217 4703 378 4790 siquidem
395 4725 453 4790 per
469 4704 627 4772 bominem
645 4710 791 4772 nostrum
811 4705 870 4771 sub
898 4705 1085 4772 testimonio
1102 4702 1215 4772 Ornoif
1237 4741 1240 4748 ·
