3270 5280
145 1183 208 1252 IV.
232 1185 343 1254 Orico
359 1191 453 1275 μόρα
474 1187 639 1279 Fttlttprselr
653 1189 785 1276 adprdbr'
806 1187 1010 1277 perpulerat,
1034 1187 1071 1253 lcs'
1093 1189 1276 1276 octogena·

145 1293 295 1360 ἐνκΙιηοΙε
303 1293 563 1382 ροειιιῑάίίαίοῆ,
587 1295 768 1384 mepeapedr‘
775 1345 785 1378 ,
801 1296 882 1384 dopy
898 1318 936 1361 aa
961 1296 1144 1384 esztmpumc'
1159 1295 1276 1382 epybda

349 1401 535 1491 kormdrryctt
550 1404 758 1494 ider'pleneaeo
773 1407 909 1492 dtceqye.
933 1403 1033 1469 1262.

256 1579 410 1650 Urbanus
427 1581 611 1670 Episcopus
628 1589 689 1650 eto.
714 1581 897 1650 venerabili
919 1580 1015 1648 tratri
1029 1579 1183 1666 Philippo
1198 1580 1275 1665 Epi·

145 1707 251 1772 scopo
268 1689 486 1773 zagabriensi
502 1691 642 1758 salutern
667 1697 728 1757 eto.
753 1691 983 1758 Presentatam
1008 1687 1104 1755 nobis
1128 1688 1274 1773 postula·

145 1797 271 1864 tionem
297 1797 340 1865 de
367 1804 400 1864 te
417 1799 451 1864 in
467 1798 684 1884 strigoniensi
702 1799 873 1880 Ecclesia,
891 1797 1035 1882 pastoris
1051 1796 1210 1868 destituta
1224 1819 1275 1866 so·

145 1905 252 1991 latio,
268 1905 489 1990 celebratam,
514 1925 574 1992 per
595 1907 820 1974 venerabilem
845 1905 980 1972 fratrem
996 1953 1003 1968 .
1021 1954 1028 1971 .
1046 1954 1054 1970 .
1072 1905 1275 1993 Episcopum

147 2011 390 2090 Penestrinum
408 2020 441 2080 et
456 2011 598 2082 dilectos
610 2013 697 2082 filios
713 2021 844 2082 nostros
860 2017 883 2080 1.
893 2015 1273 2084 Portuenseanleotum

146 2126 179 2188 et
195 2117 234 2187 0.
247 2121 483 2190 Sancteblarie
498 2124 530 2188 in
546 2122 704 2191 Viabata
720 2119 905 2189 Diaconum
922 2121 1143 2206 cardinalem,
1160 2143 1274 2192 seeun-

146 2228 225 2296 dum
242 2228 445 2296 laudabilem
462 2229 611 2297 Ecclesia
633 2231 779 2298 Romane
805 2230 1073 2298 consuetudinem
1094 2229 1276 2298 examinari

146 2334 284 2402 lecimus
299 2335 484 2419 diligenter.
508 2338 550 2403 Et
566 2337 645 2404 licet
669 2343 870 2422 compertum
901 2337 999 2406 fuerit
1024 2357 1083 2421 par
1108 2337 1274 2406 examina-

146 2441 273 2509 tionem
288 2441 495 2529 huiusmodi,
510 2445 766 2529 postulationem
783 2442 922 2511 eandem
939 2444 1133 2512 concordem
1157 2451 1192 2512 st
1222 2465 1274 2512 ea·

147 2551 301 2618 nonicam
317 2551 487 2637 extitisse;
503 2571 628 2636 nosque
645 2551 845 2633 noverimus,
874 2553 963 2638 quod
988 2572 1029 2618 ex
1044 2553 1111 2620 inis
1131 2550 1276 2638 meguid·

148 2657 196 2726 cis
211 2659 339 2726 meritis
355 2664 390 2724 to
412 2659 540 2725 maiora
555 2656 719 2740 decerent,
731 2665 764 2725 et
773 2658 984 2744 amplioribus
995 2679 1087 2730 esses
1098 2659 1276 2728 honoribus

147 2765 360 2850 attolendus,
388 2771 499 2833 tamen
521 2767 594 2832 iura
619 2773 652 2832 et
677 2773 837 2834 statutum
854 2765 950 2834 Sedis
965 2766 1158 2854 Apostolioe
1173 2787 1273 2856 snper

146 2873 210 2940 hoo
224 2871 317 2940 edita
332 2875 457 2940 serrari
479 2874 646 2958 volentes,
671 2875 845 2942 admittere
869 2873 1055 2942 distulimus
1080 2875 1272 2959 postulatio-

149 3001 226 3048 nem
241 2981 350 3064 ipsam
367 2978 412 3046 ad
427 2999 563 3065 presens
588 3001 662 3046 eam
679 2982 911 3066 relinquentes,
936 2980 1042 3048 donec
1058 2981 1275 3068 personaliter

146 3089 191 3155 ad
205 3089 391 3176 predictam
421 3089 533 3156 sedem
557 3090 757 3167 accesseris,
782 3090 818 3157 in
834 3108 1007 3174 suspenso.
1031 3089 1180 3158 Ceterum
1198 3109 1272 3159 cum

147 3199 312 3280 nolimus,
330 3197 421 3280 quod
437 3197 552 3264 eadem
584 3197 738 3266 Ecclesia
752 3196 898 3284 patiatur
936 3197 977 3265 ob
1002 3195 1166 3265 deiectum
1191 3199 1275 3282 regi·

146 3304 245 3372 minis
261 3305 396 3389 aliquod
421 3303 667 3382 detrimontum,
690 3313 825 3394 propter
849 3310 1017 3391 urgentem
1041 3308 1275 3376 necessitatem

147 3431 190 3479 ac
206 3413 392 3480 evidentem
407 3413 585 3481 utilitatem
601 3416 706 3500 ipsius
722 3421 756 3481 te
772 3415 805 3480 in
821 3419 1070 3500 procuratorem
1087 3415 1176 3485 dioto
1196 3413 1276 3484 Stri-

148 3519 302 3602 goniensi
326 3519 476 3586 Ecclesia
501 3523 739 3606 concedentes,
765 3541 877 3589 curarn
901 3528 935 3591 et
958 3523 1274 3592 administrationem

146 3625 254 3714 ipsius
269 3627 305 3692 in
321 3625 551 3712 spiritualibus
566 3633 599 3694 et
614 3627 852 3714 temporalibus
864 3629 926 3697 tibi
936 3629 1133 3697 auctoritate
1142 3649 1274 3717 presen-

147 3733 228 3800 tium
252 3731 403 3828 duximus
420 3735 698 3822 committendam,
723 3736 922 3804 fraternitati
935 3743 989 3805 tue
1005 3757 1065 3826 per
1079 3739 1277 3826 Apostolica

148 3841 272 3926 scripta
286 3843 502 3924 mandantes,
526 3850 688 3927 qnatenus
703 3841 789 3910 inira
804 3843 926 3912 testum
935 3845 1048 3914 Sancti
1057 3845 1172 3915 Iacobi
1187 3849 1274 3934 Apo·

148 3947 227 4015 stoli
251 3949 400 4035 proximo
427 3949 569 4018 laturum
594 3953 637 4019 ad
659 3954 858 4038 presentiam
882 3960 1028 4022 nostram
1053 3955 1275 4042 personaliter

148 4053 309 4125 accedere
324 4076 391 4124 non
407 4065 610 4146 postponas:
626 4060 772 4144 alioquin
788 4062 1051 4146 procurationem
1079 4069 1113 4131 ct
1135 4063 1273 4130 admini-

149 4167 341 4231 strationem
365 4164 553 4236 huiusmodi
576 4165 668 4234 linire
684 4168 833 4236 volumus
849 4187 889 4236 co
914 4170 998 4255 ipso.
1022 4173 1145 4240 Datum
1169 4172 1274 4242 Vitor-

148 4271 195 4338 bii
209 4271 269 4338 111.
294 4271 375 4339 Idus
391 4275 549 4343 Ianuarii.
573 4273 787 4344 Pontificatus
804 4278 907 4345 nostri
923 4297 1012 4347 anuo
1028 4279 1142 4364 primo.

221 4445 285 4519 pv.
305 4446 402 4505 ornae
419 4448 498 4524 papa
514 4449 714 4524 aagerrcrscr,
726 4415 852 4510 nume
867 4452 906 4508 rs.
926 4468 963 4509 a.
998 4452 1020 4508 1.
1039 4451 1056 4508 s
1084 4453 1145 4512 aco.
1164 4455 1198 4532 1.)
