3250 5268
118 1245 140 1308 Ι
146 1245 181 1311 V.
199 1243 282 1310 Reor
297 1244 407 1332 kirtly
428 1244 594 1334 Ujlrelyboo
603 1246 635 1310 ee
643 1243 870 1313 Potworohboo
878 1242 1126 1331 fekoiijiildeket
1141 1246 1250 1310 Faores

343 1352 574 1442 pannonialmi
587 1355 731 1440 apotoak
745 1352 817 1420 ite'lr'
830 1353 903 1418 odo.
926 1355 1025 1420 1264.

231 1529 315 1598 Belo
342 1531 406 1602 Dei
430 1533 545 1618 grania
570 1530 749 1619 Hungnrie,
775 1530 956 1616 Dalmatis,
973 1533 1119 1618 Groaoie,
1137 1533 1249 1617 Reme,

121 1640 248 1725 Seruis,
265 1636 419 1723 Gellioie,
445 1639 653 1726 Lodomerie,
680 1637 904 1723 (tumorisque
929 1641 1000 1706 Rex
1017 1639 1167 1708 omnibus
1182 1646 1251 1708 tum

101 1747 334 1834 ,presentibus
359 1767 455 1831 quem
482 1747 600 1815 tuturis
616 1748 748 1815 litteras
762 1753 936 1832 presentes
953 1748 1148 1834 inspecturis
1164 1749 1251 1816 sulu-

123 1864 188 1923 tem
206 1857 240 1922 in
257 1857 399 1923 omnium
426 1856 610 1924 Seluutore.
641 1856 694 1924 Ad
719 1856 940 1923 uniuersorum
966 1847 1121 1922 noticiam
1137 1863 1251 1924 tenore

123 1965 331 2050 presencium
348 1964 499 2032 volumus
517 1963 699 2050 peruenire,
725 1963 812 2046 qnod
838 1981 911 2029 eum
926 1963 1036 2031 Buthk
1052 1962 1136 2032 filius
1153 1961 1251 2030 Budi·

122 2073 195 2156 rhu,
213 2079 248 2138 et
262 2072 444 2158 Mortuuus,
454 2091 495 2138 so
511 2071 568 2137 alii
579 2071 711 2155 cognati
728 2071 779 2138 sui
796 2093 817 2138 a
832 2071 922 2138 uillis
937 2072 1128 2139 monasterii
1138 2072 1254 2140 Sanoti

122 2181 258 2248 Martini
275 2181 383 2267 Vyhel
397 2177 611 2248 etPotworoh
627 2179 835 2263 nuncupatis,
846 2179 935 2247 iutra
949 2185 1057 2246 metor
1073 2179 1249 2246 earundem

120 2291 275 2357 villorum
291 2296 410 2356 terrem
426 2287 612 2372 quindeoim
623 2294 805 2358 aratrorum
817 2293 1002 2374 repeterent
1018 2306 1128 2354 eorem
1143 2285 1249 2369 nobis,

121 2397 309 2481 fuissetque
324 2416 423 2482 super
437 2396 500 2463 hoo
514 2398 599 2464 inter
614 2403 727 2483 portes
743 2397 871 2464 diuoius
882 2397 1122 2483 disceptatum
1137 2400 1251 2462 temen

121 2508 201 2590 quin
217 2505 340 2574 ruditis
355 2504 641 2594 propositionibus
657 2505 802 2590 purnium
821 2505 1005 2572 inuenimus
1022 2503 1111 2570 illam
1129 2509 1252 2571 terrum

1 2649 2 2654 =
121 2617 199 2682 otim
218 2615 323 2683 fuisse
339 2614 429 2700 apud
445 2613 603 2682 (tomitem
629 2613 789 2680 Iueniram
816 2611 918 2680 filium
934 2614 1096 2696 Domana,
1112 2617 1146 2679 et
1162 2611 1250 2697 opud

120 2723 286 2808 Reginam
303 2723 514 2792 karissimum
530 2729 717 2792 consortem
728 2729 895 2808 nostrsm3
912 2719 1119 2808 postmodum
1135 2719 1249 2788 habito

122 2831 262 2898 consilio
278 2831 440 2899 Beronum
467 2839 647 2898 nostrorum
674 2829 779 2915 quiin
792 2830 919 2916 judicio
936 2829 1103 2896 nobiseum
1120 2825 1252 2896 essedo·

120 2939 202 3006 bant
212 2935 450 3026 (tgy),eoquod
459 2938 680 3010 idemButhke
690 2947 723 3007 et
733 2941 865 3025 oogneti
875 2940 927 3006 sui
937 2937 1143 3024 priuilegium
1154 2957 1248 3005 suum

121 3051 224 3133 srpor
252 3049 438 3132 quantitate
464 3048 569 3133 ipsius
594 3053 684 3116 terre
709 3047 926 3130 nequiuerunt
957 3044 1113 3112 exhibere
1141 3063 1252 3112 eorem

1 3173 2 3184 ¹
120 3157 242 3240 nobis,
267 3157 401 3224 ruuione
426 3157 543 3242 preuie
568 3155 785 3241 deoreuimus,
812 3157 900 3240 quod
921 3157 1035 3223 Pauus
1050 3153 1252 3222 venerabilis

121 3267 239 3332 Abbes
264 3264 344 3334 dieti
370 3267 560 3335 monasterii
588 3285 659 3334 oum
685 3285 750 3334 vno
776 3265 877 3334 iretre
903 3284 962 3332 sno
979 3273 1012 3332 et
1029 3284 1099 3332 cum
1125 3263 1252 3331 duobus

1 3419 2 3468 3
122 3374 291 3442 nobilibus
317 3373 360 3442 de
384 3375 502 3443 uicinis
528 3395 586 3442 neu
607 3374 940 3460 eomprooinoislibus
957 3375 991 3442 in
1008 3372 1134 3441 ooteuis
1150 3373 1253 3440 Beate

124 3482 225 3550 Lueie
241 3481 385 3568 Virginis
402 3504 511 3552 eorem
522 3483 676 3572 Cepituio
691 3483 860 3568 Nitriensi,
877 3502 1043 3571 supereo,
1060 3481 1149 3566 quod
1164 3478 1253 3545 diets

123 3598 213 3658 terra
229 3591 415 3675 quindeoim
433 3599 615 3660 aratrorum
627 3591 724 3659 iuerit
736 3593 885 3658 villerum
893 3594 925 3660 -V
925 3591 1001 3678 yhei
1015 3597 1047 3659 et
1059 3584 1251 3656 Pothworoir

122 3699 339 3785 prefatorum,
354 3706 501 3785 prestare
516 3698 639 3768 debeat
655 3710 906 3768 sacromentum.
922 3697 1041 3765 Verum
1058 3695 1137 3781 quis
1152 3693 1250 3762 edue-

123 3809 238 3874 niento
253 3809 390 3876 termino
415 3809 519 3894 ipsius
545 3810 740 3877 sacramenti
759 3809 849 3876 dieto
874 3806 1002 3874 Abbate
1019 3825 1091 3874 eum
1107 3823 1171 3874 vno
1188 3804 1251 3870 ire-

126 3925 175 3983 tre
193 3936 252 3983 suo
270 3925 302 3983 et
319 3918 447 3986 duobus
464 3918 628 3984 nobilibus
645 3925 763 4004 pereto
779 3919 823 3986 ad
833 3915 1048 4004 prestandum
1066 3933 1251 3980 sacramen-

124 4032 204 4108 tum,
224 4033 323 4111 prout
339 4044 398 4112 per
425 4045 486 4096 nos
507 4027 691 4112 judicatum
716 4026 833 4110 fueret,
859 4029 1118 4112 prememoratus
1142 4019 1253 4087 Buthk

122 4155 196 4201 oum
215 4134 285 4201 suis
303 4137 452 4220 cognatis
469 4135 670 4220 supradietis
691 4133 913 4219 juramentum
940 4133 1044 4219 ipsius
1061 4127 1201 4197 Abbatis
1218 4137 1251 4194 et

122 4242 284 4311 sociorum
302 4261 432 4309 suorum
459 4263 523 4309 non
549 4244 687 4328 recepit,
705 4243 790 4309 sieut
806 4243 838 4308 in
856 4248 969 4309 tenore
986 4239 1167 4306 litterarum
1184 4239 1250 4304 iem

1 4364 2 4370 ’
122 4350 202 4419 dieti
218 4350 365 4436 Gepituli
381 4351 411 4417 N
414 4351 559 4420 itrieusis
585 4351 729 4420 uidimus
747 4349 925 4436 ¹contineri²
943 4345 1177 4416 sentenoieudo
1195 4346 1252 4412 de·

123 4458 307 4542 oreuimus,
332 4461 437 4545 ipsum
465 4459 605 4528 eandem
632 4467 753 4528 terrum
778 4477 858 4544 sepe
873 4457 973 4526 dietis
988 4453 1202 4541 viliisVyhel
1218 4459 1253 4520 et

1 4587 2 4592 ’
120 4567 319 4638 Potbworeh
337 4575 497 4654 perpetuo
513 4569 748 4655 possidendam
759 4586 940 4635 remanere.
958 4567 997 4633 In
1013 4564 1104 4660 ouius
1121 4565 1169 4632 rei
1184 4581 1250 4630 me-

123 4680 263 4748 moriam
281 4685 315 4744 et
331 4687 523 4764 perpetuom
548 4677 734 4744 firmitatem
759 4685 932 4763 presentes
957 4673 1106 4745 dedimus
1123 4673 1253 4742 litteras
