3250 5268
594 369 756 472 “re-o-

113 564 227 632 oadem
253 587 276 634 a
293 571 390 653 parto
416 565 568 634 orientali
595 583 712 634 versus
728 567 874 656 Sceplolr
891 567 1100 651 distinctam,
1118 557 1237 636 terr'am

113 669 238 740 scilicet
255 681 396 758 quattor
413 680 598 742 aratrorum
615 676 649 742 in
666 677 952 743 commetaneitate
968 681 1053 744 terre
1069 675 1164 742 Pauli
1178 675 1239 744 filii

110 778 245 847 llartini
260 799 284 848 a
294 777 438 867 meridie,
449 788 538 849 terre
551 782 694 870 Sceplols
707 781 837 869 prelato
852 785 895 850 ab
906 784 1042 870 oriente,
1052 790 1138 851 terre
1153 783 1238 852 llar-

110 883 157 954 cel
173 906 196 955 a
212 889 520 978 septemtrionep'et
535 899 622 958 terre
648 877 707 959 sue
723 891 849 961 Colooh
876 890 1066 978 supradicte
1090 892 1134 960 ab
1152 892 1238 962 occi·

111 995 222 1084 deute,
245 997 333 1064 sicut
347 1000 474 1084 arserit,
491 1002 687 1068 existentem
713 1007 745 1068 et
769 1002 805 1070 iu
832 1001 1035 1070 districtibus
1062 999 1239 1068 earundem

111 1103 436 1175 commetaneitatum
447 1107 588 1178 divisam
603 1109 749 1194 undique
765 1108 865 1180 certis
875 1108 983 1191 metis,
998 1109 1091 1196 cujus
1108 1089 1239 1193 quidem

111 1219 195 1282 terre
221 1217 449 1302 medietatem,
473 1225 594 1290 terram
618 1219 745 1289 scilicet
760 1220 896 1289 duorum
911 1227 1095 1289 aratrorum
1118 1221 1240 1290 asserit

113 1325 356 1413 virgultosan,
381 1327 541 1411 reliquam
567 1330 778 1398 medietatem
805 1338 891 1398 terre
908 1328 1068 1396 arabilem
1092 1347 1168 1397 esse
1192 1327 1239 1395 di·

112 1454 211 1520 cens,
228 1434 381 1504 vendidit
396 1435 517 1506 Comiti
533 1439 707 1508 Herbordo
732 1445 911 1506 memorato
927 1444 1085 1524 perpetuo
1101 1437 1240 1523 pacifice

111 1542 352 1630 possidendam
377 1566 439 1632 pro
454 1546 567 1616 decem
593 1555 626 1614 et
643 1555 716 1615 octo
735 1547 857 1616 mareis
867 1595 876 1630 ‚
894 1564 977 1629 quas
993 1547 1036 1612 ab
1053 1566 1093 1614 eo
1110 1565 1147 1612 se
1164 1565 1240 1613 eon·

111 1651 221 1720 lessus
244 1659 297 1720 eet
321 1654 471 1738 plenarie
496 1656 682 1742 recepisse,
710 1660 830 1742 partim
858 1658 892 1722 in
920 1654 1147 1740 estimatione,
1168 1673 1242 1740 par-

112 1760 169 1826 tim
186 1770 302 1829 autom
317 1762 350 1828 in
376 1763 515 1850 negocio
532 1785 589 1850 pro
607 1765 756 1848 qualibet
782 1783 895 1831 marca
911 1763 1026 1831 decem
1051 1762 1165 1849 pensis
1183 1762 1239 1830 de·

111 1871 281 1938 uariorum
296 1869 532 1940 Viennensium
557 1874 764 1959 computatis.
782 1870 1032 1958 Assummende,
1049 1877 1085 1937 ut
1104 1873 1134 1940 si
1147 1871 1238 1954 quis·

110 1976 200 2062 piam
217 1977 344 2044 dictum
360 1979 519 2048 Comitem
535 1980 740 2049 Herbordum
752 1981 927 2052 occasione
942 1979 1049 2066 ipsius
1061 1985 1150 2045 terre
1161 1997 1240 2062 qua·

111 2090 184 2153 tuor
201 2092 390 2154 aratrorum
406 2087 593 2176 inquietare
609 2089 758 2175 voluerit,
778 2089 851 2176 ipse
870 2089 1012 2156 eundem
1031 2083 1175 2173 propriis
1192 2087 1240 2154 la·

109 2193 248 2263 boribus
264 2201 297 2262 et
313 2196 470 2280 expensis
495 2196 617 2265 debeat
632 2198 799 2283 expedire.
817 2199 855 2264 In
868 2198 961 2283 cujus
976 2195 1026 2264 rei
1051 2194 1241 2262 memoriam

112 2301 153 2370 ad
169 2301 374 2389 peticionem
390 2305 537 2390 parcium
553 2311 727 2392 presentes
743 2303 892 2374 dedimus
913 2305 1043 2374 litteras
1059 2300 1164 2389 sigilli
1179 2321 1238 2372 no·

113 2411 170 2479 stri
186 2411 368 2480 munimine
383 2413 567 2481 roboratas.
594 2413 690 2482 Anno
707 2413 878 2481 Dominice
898 2410 1148 2480 lncarnacionis
1169 2406 1240 2475 mil·

112 2518 230 2586 lesimo
246 2520 473 2590 ducentesimo
490 2521 701 2608 sexagesimo
721 2523 846 2608 quinto.
872 2519 1030 2608 Chepano
1056 2517 1240 2607 Proposito,

112 2625 264 2696 Jurlrone
281 2625 435 2715 Camere,
451 2628 593 2701 Hectore
610 2629 755 2698 Custode
772 2629 1003 2700 existentibus.

481 2840 537 2913 (Aa
550 2843 663 2902 eredeti
676 2841 756 2901 utdn.
776 2845 884 2914 Caeci.)

560 3135 814 3152 mnu—m-

77 3789 78 3792 *
114 3811 292 3880 Aeaeam-t
305 3811 526 3900 lodptolooncle
548 3810 664 3898 Hoboy
679 3821 758 3876 nevit
768 3809 849 3898 fotu
874 3807 1120 3895 lamrjctrdeora
1137 3817 1241 3874 vocot-

439 3919 518 3984 rozo
531 3917 805 4006 bizooysdpleoele.
822 3917 920 3982 1265.

447 4117 486 4181 Α.
595 4116 633 4182 Β.
743 4117 779 4185 C.
888 4113 928 4180 D.

224 4243 296 4310 Nos
322 4241 510 4328 Capitulum
536 4239 687 4308 Ecclesie
713 4241 828 4308 Sancti
853 4239 1026 4308 Michaelis
1057 4237 1098 4304 de
1123 4239 1241 4309 Castro

113 4351 239 4418 llerreo
266 4357 376 4416 notum
404 4349 540 4417 iacimus
572 4355 685 4416 tenore
711 4333 914 4437 presencium
939 4346 1121 4431 universis,
1153 4345 1241 4431 quod

116 4457 310 4525 Alexander
325 4477 385 4544 pro
399 4457 541 4542 Agabith
559 4461 652 4541 patre
669 4477 739 4538 suo,
756 4463 789 4522 et
809 4455 926 4540 Egidio
942 4474 982 4523 ae
998 4453 1146 4540 Suluyno
1163 4451 1241 4540 filijs

115 4568 215 4651 Pons,
234 4571 268 4632 et
285 4583 343 4648 pro
360 4584 416 4652 se;
432 4566 512 4632 item
528 4565 699 4651 Stephano
714 4565 784 4632 tilio
800 4561 896 4632 Pauli
912 4562 955 4629 de
971 4562 1055 4648 Byr,
1071 4583 1112 4630 ex
1128 4561 1241 4631 debito

118 4675 152 4742 in
180 4673 301 4740 litteris
321 4671 457 4740 Henrici
482 4673 648 4758 Palatini,
676 4691 739 4757 que
755 4671 852 4740 nobis
876 4676 1073 4758 patuerunt,
1100 4689 1244 4758 compre-
