3250 5268
565 361 730 464 ..1.⁴.1...

79 553 285 635 orandinum
301 553 471 636 quiburnia
496 553 692 638 piscaturis,
710 550 810 638 quar)
826 553 859 618 in
876 552 993 620 eodem
1018 545 1094 618 laon
1109 552 1210 618 habe·

78 661 138 745 tiu,
147 659 249 728 villae
260 679 366 728 novae
376 669 410 728 et
419 661 578 747 predium,
590 661 676 744 quod
687 668 821 726 vooatur
833 656 969 744 Ouolev,
978 666 1085 726 torrae
1095 667 1129 724 et
1137 677 1210 742 poa

78 769 277 854 aeeaionee,
303 789 387 851 quaa
402 770 533 838 habetis
549 770 585 837 in
601 769 683 836 villa
698 766 813 836 Kueed
821 817 830 851 ,
849 767 996 852 predium
1013 767 1055 834 de
1070 767 1207 834 liurme-

79 893 163 954 nue,
180 882 290 945 terrae
306 879 389 945 riter
404 877 438 942 in
450 876 686 961 villallduory,
703 875 820 961 predia
831 893 895 959 que
906 875 947 943 do
963 875 1148 960 Dergvelre
1165 873 1209 940 de

80 983 211 1070 Vnayl,
227 984 269 1051 de
285 985 382 1072 Pylip
407 983 499 1052 etde
516 983 675 1052 Wrrlreal
699 983 882 1067 vulgariter
906 982 1114 1048 nominantur
1135 999 1209 1046 eum

80 1089 238 1158 omnibus
254 1091 467 1176 pertinenoiis
487 1091 682 1172 eorundem,
702 1091 833 1175 villam,
860 1109 924 1173 que
939 1086 1116 1158 ‘Phoveoolr
1131 1088 1209 1156 diei·

80 1205 146 1286 tur,
162 1210 272 1268 terrae
288 1207 321 1266 et
337 1201 584 1284 possessiones,
602 1219 686 1282 quau
703 1197 834 1268 habotir
851 1199 883 1264 in
899 1199 980 1266 villa
994 1195 1132 1281 Berend‚
1149 1196 1210 1264 vil·

81 1307 149 1373 lam
175 1308 333 1376 Seevleua
366 1309 566 1376 nominatam
599 1309 699 1376 eitam
727 1307 819 1374 iuxta
846 1306 974 1392 louum,
1009 1306 1065 1390 qni
1089 1304 1209 1372 dieitur

81 1414 344 1500 Apathaenmlo,
370 1421 476 1484 terrae
493 1423 526 1482 et
541 1417 790 1501 possessiones,
818 1434 900 1498 quar
925 1415 1056 1481 hebetia
1079 1413 1114 1478 in
1128 1411 1208 1478 villa

82 1522 245 1590 Soevlevu
260 1523 351 1609 apud
375 1521 544 1611 vesprim,
570 1524 721 1608 predium
738 1522 826 1605 quod
850 1521 1004 1609 Popaulra
1030 1519 1210 1604 vulgariter

82 1632 282 1716 appellatur,
293 1641 326 1697 et
337 1632 394 1716 jue
409 1638 612 1717 patronatus,
630 1632 716 1717 quod
725 1631 761 1698 in
770 1630 921 1698 Ecclesia
936 1627 1051 1698 Sanoti
1066 1626 1208 1694 iiiohae·

81 1739 125 1806 lia
140 1739 208 1806 looi
224 1736 372 1806 eiusdem
387 1739 538 1824 habetis,
554 1742 702 1825 predium
718 1739 760 1808 de
776 1739 906 1826 Vyluoh
922 1757 994 1805 oum
1007 1738 1083 1822 jure
1098 1742 1209 1821 patro·

82 1829 194 1929 naida,
210 1847 297 1929 quod
314 1845 348 1912 in
364 1845 505 1933 (lapella
519 1849 642 1916 Sancte
651 1848 861 1932 Margarethe
875 1847 942 1914 rita
957 1846 991 1912 in
1007 1843 1122 1912 eodem
1137 1861 1209 1932 pre·

84 1952 140 2019 dio
156 1953 333 2037 optinetie3
357 1955 472 2040 predia
494 1957 536 2022 de
552 1956 651 2040 Keyk
667 1966 701 2023 et
726 1956 770 2023 de
784 1955 889 2022 Araoh
914 1954 1084 2039 vulgariter
1108 1950 1210 2019 nomi·

85 2067 185 2146 nata3
203 2060 344 2128 insulem
355 2079 417 2146 que
427 2061 613 2147 appellatur
622 2064 724 2130 Loata
739 2083 812 2130 eum
828 2062 981 2130 omnibua
996 2057 1210 2145 pertinenciis

83 2171 174 2252 euie3
194 2169 318 2252 villam,
333 2169 564 2254 possessiones
579 2170 780 2238 etterraede
791 2169 942 2254 Kodork3
958 2169 1071 2237 villam
1088 2173 1121 2233 et
1136 2183 1207 2250 pre·

83 2277 175 2344 dium
191 2276 233 2342 de
248 2276 427 2361 Somthod,
452 2279 601 2363 predium
616 2279 659 2346 de
673 2279 856 2362 Zaraztho,
881 2276 1030 2366 predium
1045 2283 1079 2344 et
1094 2275 1208 2344 villam

84 2386 127 2453 de
144 2384 283 2452 Geunov
298 2388 352 2452 vel
368 2389 481 2473 Apaty
495 2387 588 2454 iuxta
605 2387 725 2476 Fymg,
742 2388 892 2474 predium
906 2385 947 2453 de
962 2385 1083 2472 Telky,
1100 2391 1207 2452 terraa
1353 2444 1356 2450 .

82 2499 117 2558 et
132 2491 371 2578 poaeearioneu,
387 2513 471 2578 quau
488 2492 621 2562 habetis
640 2497 770 2564 invilla
789 2493 957 2582 Ohopuleh
972 2501 1006 2562 et
1015 2491 1120 2578 Lapa,
1136 2509 1209 2576 pre·

83 2598 175 2666 dium
189 2598 233 2666 de
248 2599 393 2686 (iamne,
419 2601 534 2670 villam
549 2603 613 2672 Job
630 2600 714 2689 (Gor
732 2624 762 2670 v.
779 2599 879 2690 Dob)‚
903 2611 1010 2670 terrae
1025 2608 1058 2668 et
1073 2619 1206 2686 porree-

83 2708 206 2789 aionee,
224 2727 306 2790 quar
322 2707 454 2778 habetis
469 2711 504 2777 in
518 2711 600 2777 ville
617 2713 687 2797 Sag
702 2711 795 2778 iuxta
813 2711 929 2793 loom,
955 2708 997 2778 de
1008 2708 1158 2793 Olriohol,
1174 2715 1208 2774 et

83 2815 125 2882 de
143 2817 231 2901 Kup,
246 2817 362 2901 predia
378 2814 443 2904 (et)
461 2818 574 2886 villum
590 2819 715 2888 nortus
731 2819 826 2887 iuxta
842 2815 985 2901 Buohao,
1002 2815 1150 2902 predium
1165 2814 1208 2884 de

83 2922 255 2991 mGutha
270 2933 302 2988 et
317 2933 423 2994 terrae
434 2945 518 3010 quaa
533 2926 665 2995 habetis
681 2927 715 2993 in
726 2925 806 2994 villa
816 2924 950 2992 Burand
966 2925 1058 2994 iuxta
1067 2921 1206 3004 Tholna,

84 3038 117 3097 et
132 3031 248 3099 vilium
264 3030 305 3099 de
320 3033 393 3100 Fod
402 3083 411 3118 ,
437 3033 552 3102 villam
569 3043 603 3103 et
619 3035 769 3119 predium
784 3033 827 3102 de
842 3035 993 3102 Berenev
1009 3030 1207 3118 inpartibus

83 3139 244 3224 Budrogh
259 3160 333 3208 oum
348 3143 417 3208 inre
426 3150 631 3228 patronatus,
649 3144 735 3227 quod
751 3141 873 3209 ibidem
883 3142 918 3207 in
933 3138 1072 3226 Capella
1084 3139 1207 3206 saneto

84 3245 219 3336 ld(arie)
235 3247 377 3333 habetis,
392 3250 499 3317 laeum
510 3259 669 3318 mortuum
685 3270 758 3317 oum
768 3251 917 3318 omnibus
931 3249 1028 3318 terrie
1039 3245 1084 3314 ad
1099 3246 1206 3333 iprum

84 3355 336 3442 pertinentibus,
354 3355 542 3428 Homulrevt
558 3354 605 3443 (v.
621 3355 786 3446 Homuke)
803 3367 908 3424 terrea
923 3363 956 3424 et
970 3354 1206 3440 poeueaeioner,

86 3482 146 3546 qne
163 3471 324 3533 vooautnr
340 3467 462 3552 Oelun3
487 3470 661 3536 annuimus
676 3467 838 3535 redditum
858 3467 1084 3550 denariorum,
1110 3481 1206 3546 quem

87 3570 216 3639 habetis
231 3573 265 3638 in
284 3574 375 3652 loeo,
400 3574 456 3657 qui
472 3572 655 3662 Symigium
672 3577 839 3661 vulgariter
864 3574 1062 3657 nominetur,
1078 3589 1206 3638 annuos

84 3677 234 3746 redditur
251 3676 461 3748 denariorum
485 3682 519 3748 in
534 3683 681 3768 portibus
698 3690 730 3748 et
755 3682 909 3750 mereatis
926 3680 967 3749 do
983 3681 1090 3748 ‘l'olna
1115 3676 1206 3744 etde

85 3787 172 3870 Post,
190 3794 224 3852 et
238 3786 328 3855 mille
342 3807 466 3857 uuauoe
481 3791 563 3857 ealir
572 3839 583 3876 ,
599 3809 681 3874 quoe
697 3790 731 3857 in
748 3789 835 3856 Alba
861 3787 1003 3872 ringulir
1020 3787 1117 3854 annia
1133 3805 1205 3871 per-

84 3891 194 3980 eipitia
209 3912 231 3959 a
246 3895 412 3963 salinariis
428 3897 473 3964 de
487 3898 629 3984 Zalaoh;
645 3905 754 3967 terrae
773 3915 901 3981 quoque
916 3902 951 3962 et
966 3895 1206 3982 poeeeraionea,

84 4019 166 4084 quae
181 4001 268 4069 bone
282 4005 437 4071 memorie
452 4005 525 4073 Rex
540 4005 687 4093 Ungarie
710 4005 862 4074 Andreae
881 4003 976 4072 vobia
992 4009 1026 4069 et
1039 4002 1206 4070 Monaute·

83 4107 132 4178 rio
150 4116 262 4178 vestro
278 4113 442 4181 commisit
458 4114 573 4182 intuitu
589 4113 744 4199 pietatis,
760 4122 794 4182 et
810 4111 965 4197 quioquid
979 4112 1059 4179 iuris
1075 4111 1109 4178 iu
1125 4108 1205 4177 Stri-

84 4218 251 4303 murensi,
279 4217 535 4305 Vesprimienri,
560 4221 777 4304 Ooloehenei,
803 4216 1148 4303 Quinqueeoeleuienui
1172 4223 1206 4284 et

85 4321 284 4394 emoniensi
309 4326 507 4398 Dioeeuibue
535 4329 691 4416 optinetiu
706 4347 781 4395 oum
797 4329 914 4414 terrie,
938 4325 1062 4415 pratie,
1088 4324 1203 4408 vineir,

84 4433 282 4519 nemoribus,
299 4435 446 4526 usuagiis
462 4443 496 4505 et
511 4436 644 4523 paeonio
660 4435 694 4502 in
710 4435 809 4504 boeoo
825 4441 859 4503 et
872 4435 987 4521 pleno,
1010 4434 1044 4501 in
1059 4433 1156 4516 aquia
1171 4438 1204 4500 et

85 4539 292 4626 molendinis,
308 4542 342 4608 in
357 4543 421 4609 viie¹
436 4548 470 4610 et
486 4543 621 4628 remilia,
638 4549 672 4609 et
690 4542 839 4611 omnibus
855 4542 932 4609 aliie
948 4538 1153 4610 libertatibus
1170 4547 1203 4608 et

86 4646 342 4718 immunitatibus
358 4651 439 4718 ruia.
464 4651 553 4719 Saue
574 4651 737 4718 noualium
763 4655 945 4720 vernorum
955 4703 964 4737 ,
980 4670 1044 4735 qne
1060 4653 1203 4741 propriia
