3250 5268
897 354 966 421 -90

863 451 1023 462 -ι--ι-ι

484 550 575 619 Nulli
584 569 663 636 ergo
672 553 784 620 nostre
801 548 1056 650 confirmationis
1071 554 1133 620 eto.
1147 546 1269 618 Datum
1278 547 1368 636 apud
1378 547 1501 620 Urbem

377 661 531 732 Veterem
545 659 622 729 XII.
639 657 715 728 Kal.
730 659 820 730 Julii.
837 659 1052 732 Pontificatus
1068 658 1170 730 nostri
1184 677 1272 730 auno
1290 658 1400 728 tertio.

483 835 545 911 (IV.
556 833 654 900 Orbdn
666 837 745 914 pepe
756 836 954 914 Repestdibbl,
975 838 1106 900 'Ibeiuer
1117 838 1156 898 id.
1168 854 1206 897 nr.
1217 837 1241 897 1.
1252 837 1283 896 k.
1292 836 1355 896 268.
1368 835 1402 908 l.)

813 1141 1061 1153 ——u—-u———n

911 1590 968 1659 62.

274 1767 279 1776 ’
342 1779 349 1788 “
413 1773 474 1840 IV.
491 1771 598 1839 Orbdo
607 1773 701 1858 pcipe
716 1792 755 1836 aa
770 1772 951 1858 esatmpmni
966 1767 1108 1836 entia
1122 1789 1308 1856 upyoaaaorr
1324 1771 1454 1858 ttpyben.

887 1879 986 1946 1264.

483 2059 636 2128 Urbanus
659 2057 842 2146 Episcopus
859 2063 920 2126 eto.
936 2055 1116 2124 venerabili
1141 2055 1234 2125 tratri
1251 2106 1259 2124 .
1277 2107 1286 2126 .
1302 2107 1310 2127 .
1327 2037 1502 2147 Arobiepi-

376 2187 477 2254 soopo
494 2166 711 2262 Strigoniensi
738 2167 878 2234 salutem
903 2172 966 2232 eto.
996 2164 1080 2249 iliis,
1096 2182 1159 2248 que
1175 2172 1289 2235 nostra
1305 2170 1503 2238 auctoritate

375 2277 464 2359 liunt,
479 2282 515 2342 ut
530 2273 623 2342 firma
638 2282 855 2362 permaneant
873 2281 906 2341 et
921 2272 1051 2342 illibata
1061 2275 1258 2362 consistant,
1274 2274 1415 2344 libenter
1431 2277 1503 2346 adi·

376 2385 477 2452 cimus
493 2381 676 2470 Apostolici
691 2383 819 2452 roboris
834 2380 1031 2450 firmitatem.
1060 2381 1154 2450 ·Saue
1180 2382 1295 2468 petitio
1311 2383 1425 2453 dilecti
1441 2386 1503 2454 tilii

376 2492 502 2560 Giroldi
519 2472 559 2559 dd
574 2489 678 2560 Owad
704 2491 815 2560 elerici
841 2489 1028 2559 lentiensis
1053 2485 1216 2575 Dloeesis,
1240 2491 1335 2578 nobis
1352 2493 1504 2564 exhibita

376 2597 574 2684 continebat,
600 2600 688 2682 quod
714 2619 785 2668 oum
810 2617 872 2668 uos
897 2599 974 2666 olim
998 2598 1182 2668 venerabili
1202 2599 1295 2668 botri
1309 2607 1422 2670 nosne
1438 2650 1447 2669 .
1464 2648 1502 2668 ..

375 2710 538 2796 Episcopo
556 2713 618 2776 eto.
635 2705 899 2776 confirmandum.
931 2706 1092 2785 Quocirca
1117 2706 1322 2776 fraternitati
1338 2715 1393 2779 tue
1405 2729 1504 2798 man·

375 2817 502 2903 damus,
519 2822 682 2902 quatenus
699 2815 840 2884 eundern
857 2813 1026 2882 Giroldum
1036 2816 1090 2882 vel
1106 2815 1209 2882 alium
1225 2815 1298 2884 loco
1314 2817 1366 2883 sui
1380 2817 1414 2884 in
1431 2837 1504 2886 cor·

374 2925 522 3013 poralem
538 2923 715 2995 earundem
731 2923 932 3012 repellerem
953 2923 1198 3011 possessionem
1215 2923 1364 3010 inducas,
1379 2943 1439 3011 per
1455 2931 1502 3009 te,

374 3034 428 3103 vel
444 3052 503 3122 per
518 3032 630 3117 alium,
655 3039 689 3100 st
714 3031 874 3100 delendas
899 3030 1075 3110 inductum,
1098 3036 1208 3098 amoto
1224 3033 1267 3099 ab
1283 3031 1334 3100 eis
1350 3031 1504 3115 quolibet

373 3140 488 3210 illicito
503 3137 695 3226 detentore,
712 3157 777 3206 nou
793 3137 957 3213 obstante,
973 3137 1001 3204 si
1016 3135 1206 3224 scripsimus
1221 3137 1255 3204 in
1270 3139 1503 3226 partibusillis

373 3245 564 3335 specialiter
579 3247 634 3314 vel
649 3245 849 3332 generaliter
873 3263 972 3332 super
995 3243 1240 3330 provisionibus
1264 3245 1413 3331 aliorum,
1430 3247 1503 3332 qui·

371 3357 433 3424 bus
449 3353 558 3441 quoad
573 3353 814 3423 assecutionem
838 3352 977 3422 aliorum
1000 3349 1232 3422 beneficiorum
1258 3353 1408 3422 uolumus
1427 3373 1503 3443 pre·

371 3464 523 3534 iudicium
538 3461 710 3548 generari,
735 3467 793 3528 aut
807 3461 836 3528 si
851 3458 1016 3546 aliquibus
1032 3479 1055 3527 a
1070 3459 1157 3528 Sede
1181 3461 1374 3548 Apostoliea
1391 3464 1435 3530 sit
1450 3463 1501 3531 in·

372 3569 509 3656 dulium,
526 3567 613 3652 quod
637 3566 692 3634 ad
705 3566 925 3654 receptionem
942 3568 996 3636 vel
1011 3567 1233 3655 provisionem
1257 3567 1397 3639 alicuius
1413 3589 1502 3639 com·

371 3679 462 3766 pelli,
479 3675 567 3766 quod
583 3675 745 3762 interdici,
761 3673 919 3762 suspendi
934 3677 989 3744 vel
999 3676 1274 3745 excommunicari
1283 3696 1350 3745 non
1359 3679 1502 3765 possint,

372 3791 406 3853 et
421 3787 509 3871 quod
524 3783 566 3852 de
581 3782 749 3855 beneficiis
765 3784 809 3852 ad
825 3783 1036 3854 collationem
1055 3803 1166 3854 eorum
1176 3785 1400 3874 spectantibus
1416 3787 1502 3856 nulli

371 3895 484 3963 valeat
498 3891 665 3982 provideri
689 3913 749 3980 per
773 3891 901 3961 litteras
926 3891 1137 3980 apostolicas
1163 3913 1230 3962 non
1246 3892 1410 3964 iacientes
1426 3896 1498 3982 ple·

336 3983 344 3999 ’
371 4023 448 4074 narn
464 4009 498 4070 et
513 4020 703 4089 expressam
721 4001 763 4068 de
778 3998 903 4068 indulto
920 3997 1103 4068 huiusmodi
1119 4003 1326 4088 mentionem,
1342 4019 1401 4070 seu
1417 4021 1501 4087 qua·

371 4111 454 4180 libet
470 4111 537 4179 alia
553 4107 760 4194 indulgentia
785 4107 874 4178 diote
899 4107 1006 4193 Sedis,
1030 4127 1090 4194 per
1106 4129 1203 4194 quam
1223 4109 1257 4176 id
1272 4108 1429 4196 impediri
1443 4131 1502 4179 va·

369 4221 441 4288 leat
455 4219 510 4287 vel
526 4218 661 4288 differri.
688 4215 952 4288 contradictores
968 4221 1030 4284 etc.
1046 4218 1168 4286 Datum
1185 4218 1274 4306 apud
1289 4217 1415 4289 Urbem
1431 4219 1502 4287 Ve-

369 4331 473 4398 terem
487 4327 564 4397 XII.
581 4327 657 4400 Kal.
672 4325 764 4397 lulli.
781 4323 1007 4413 (Pontificatus
1024 4321 1141 4412 nostri)
1159 4345 1246 4396 anno
1261 4326 1369 4396 tertio.

481 4501 543 4574 (IV.
555 4501 653 4563 Orbdn
665 4501 744 4576 pdps
755 4498 957 4572 Regesttibbl,
970 4499 1096 4562 Tbeiner
1108 4501 1147 4558 id.
1161 4519 1197 4560 m.
1210 4501 1232 4558 Ι.
1244 4502 1272 4560 k
1287 4501 1349 4560 tes.
1364 4499 1397 4579 1.)

799 4699 1060 4720 W
